@article{Elghoneimy2012,
    title = {{Resource allocation and scheduling in cloud computing}},
    year = {2012},
    journal = {2012 International Conference on Computing, Networking and Communications (ICNC)},
    author = {Elghoneimy, Eman and Bouhali, Othmane and Alnuweiri, Hussein},
    pages = {309--314},
    isbn = {978-1-4673-0723-9},
    doi = {10.1109/ICCNC.2012.6167434},
    issn = {0256-4602},
    keywords = {Hadoop, MapReduce, cloud computing, provisioning, resource allocation, scheduling methods}
}

@inproceedings{Ding2015,
    title = {{Deep learning for event-driven stock prediction}},
    year = {2015},
    booktitle = {IJCAI International Joint Conference on Artificial Intelligence},
    author = {Ding, Xiao and Zhang, Yue and Liu, Ting and Duan, Junwen},
    pages = {2327--2333},
    volume = {2015-Janua},
    url = {http://www.ijcai.org/Proceedings/15/Papers/329.pdf},
    isbn = {9781577357384},
    issn = {10450823},
    keywords = {Technical Papers — Web Mining}
}

@article{JOFI:JOFI518,
    title = {{EFFICIENT CAPITAL MARKETS: A REVIEW OF THEORY AND EMPIRICAL WORK*}},
    year = {1970},
    journal = {The Journal of Finance},
    author = {Malkiel, Burton G and Fama, Eugene F},
    number = {2},
    pages = {383--417},
    volume = {25},
    publisher = {Blackwell Publishing Ltd},
    url = {http://dx.doi.org/10.1111/j.1540-6261.1970.tb00518.x},
    doi = {10.1111/j.1540-6261.1970.tb00518.x},
    issn = {1540-6261}
}

@article{10.2307/2350752,
    title = {{The Behavior of Stock-Market Prices}},
    year = {1965},
    journal = {The Journal of Business},
    author = {Fama, Eugene F},
    number = {1},
    pages = {34--105},
    volume = {38},
    publisher = {University of Chicago Press},
    url = {http://www.jstor.org/stable/2350752},
    issn = {00219398, 15375374}
}

@article{doi:10.2469/faj.v51.n1.1861,
    title = {{Random Walks in Stock Market Prices}},
    year = {1995},
    journal = {Financial Analysts Journal},
    author = {F., Fama Eugene},
    number = {1},
    pages = {75--80},
    volume = {51},
    url = {https://doi.org/10.2469/faj.v51.n1.1861},
    doi = {10.2469/faj.v51.n1.1861}
}

@article{MAL-006,
    title = {{Learning Deep Architectures for AI}},
    year = {2009},
    journal = {Foundations and Trends{\textregistered} in Machine Learning},
    author = {Bengio, Yoshua},
    number = {1},
    pages = {1--127},
    volume = {2},
    url = {http://dx.doi.org/10.1561/2200000006},
    doi = {10.1561/2200000006},
    issn = {1935-8237}
}

@article{Center-pieceSubgraphs,
    title = {{Center-piece subgraphs}}
}

@article{Chang2006Bigtable:Data,
    title = {{Bigtable: A distributed storage system for structured data}},
    year = {2006},
    journal = {7th Symposium on Operating Systems Design and Implementation (OSDI '06), November 6-8, Seattle, WA, USA},
    author = {Chang, Fay and Dean, Jeffrey and Ghemawat, Sanjay and Hsieh, Wilson C. and Wallach, Deborah A. and Burrows, Mike and Chandra, Tushar and Fikes, Andrew and Gruber, Robert E.},
    isbn = {1931971471},
    doi = {10.1145/1365815.1365816},
    issn = {07342071},
    pmid = {0}
}

@book{Wu2008TopMining,
    title = {{Top 10 algorithms in data mining}},
    year = {2008},
    booktitle = {Knowledge and Information Systems},
    author = {Wu, Xindong and Kumar, Vipin and Ross Quinlan, J. and Ghosh, Joydeep and Yang, Qiang and Motoda, Hiroshi and McLachlan, Geoffrey J. and Ng, Angus and Liu, Bing and Yu, Philip S. and Zhou, Zhi-Hua and Steinbach, Michael and Hand, David J. and Steinberg, Dan},
    number = {1},
    volume = {14},
    isbn = {1011500701},
    doi = {10.1007/s10115-007-0114-2},
    issn = {0219-1377}
}

@misc{Schmidhuber2015DeepOverview,
    title = {{Deep Learning in neural networks: An overview}},
    year = {2015},
    booktitle = {Neural Networks},
    author = {Schmidhuber, Jürgen},
    pages = {85--117},
    volume = {61},
    isbn = {0893-6080},
    doi = {10.1016/j.neunet.2014.09.003},
    issn = {18792782},
    pmid = {25462637},
    arxivId = {1404.7828},
    keywords = {Deep learning, Evolutionary computation, Reinforcement learning, Supervised learning, Unsupervised learning}
}

@article{Ahn2010LinkNetworks.,
    title = {{Link communities reveal multiscale complexity in networks.}},
    year = {2010},
    journal = {Nature},
    author = {Ahn, Yong-Yeol and Bagrow, James P and Lehmann, Sune},
    number = {7307},
    pages = {761--764},
    volume = {466},
    publisher = {Nature Publishing Group},
    url = {http://dx.doi.org/10.1038/nature09182},
    isbn = {0028-0836},
    doi = {10.1038/nature09182},
    issn = {0028-0836},
    pmid = {20562860},
    arxivId = {0903.3178}
}

@article{Grindrod2011CommunicabilityNetworks,
    title = {{Communicability across evolving networks}},
    year = {2011},
    journal = {Physical Review E - Statistical, Nonlinear, and Soft Matter Physics},
    author = {Grindrod, Peter and Parsons, Mark C. and Higham, Desmond J. and Estrada, Ernesto},
    number = {4},
    volume = {83},
    isbn = {1550-2376 (Electronic){\textbackslash}n1539-3755 (Linking)},
    doi = {10.1103/PhysRevE.83.046120},
    issn = {15393755},
    pmid = {21599253}
}

@article{Karrer2009RandomNetworks,
    title = {{Random graph models for directed acyclic networks}},
    year = {2009},
    journal = {Physical Review E - Statistical, Nonlinear, and Soft Matter Physics},
    author = {Karrer, Brian and Newman, M. E J},
    number = {4},
    pages = {1--14},
    volume = {80},
    isbn = {1539-3755},
    doi = {10.1103/PhysRevE.80.046110},
    issn = {15393755},
    pmid = {19905393},
    arxivId = {0907.4346}
}

@article{Yang2014ExplainNetworks,
    title = {{Explain Core – Periphery Organization of Networks}},
    year = {2014},
    journal = {Proceedings of the IEEE},
    author = {Yang, By Jaewon and Leskovec, Jure},
    number = {12},
    pages = {1892--1902},
    volume = {102},
    keywords = {communities v groups of, complex systems of interacting, crucial to understanding social, detecting network, objects, objects that often correspond, technolog-, tional modules v is, to func-}
}

@article{AhmedEfficientNetworks,
    title = {{Efficient Graphlet Counting for Large Networks}},
    author = {Ahmed, Nesreen K and Neville, Jennifer and Rossi, Ryan A and Duffield, Nick},
    keywords = {graph classification, graph kernel, graphlet, method, motif counting, parallel, visual analytics}
}

@article{Yang2014ExplainNetworksb,
    title = {{Explain Core – Periphery Organization of Networks}},
    year = {2014},
    journal = {Proceedings of the IEEE},
    author = {Yang, By Jaewon and Leskovec, Jure},
    number = {12},
    pages = {1892--1902},
    volume = {102},
    keywords = {communities v groups of, complex systems of interacting, crucial to understanding social, detecting network, objects, objects that often correspond, technolog-, tional modules v is, to func-}
}

@article{Zaharia2012ResilientComputing,
    title = {{Resilient distributed datasets: A fault-tolerant abstraction for in-memory cluster computing}},
    year = {2012},
    journal = {NSDI'12 Proceedings of the 9th USENIX conference on Networked Systems Design and Implementation},
    author = {Zaharia, Matei and Chowdhury, Mosharaf and Das, Tathagata and Dave, Ankur},
    pages = {2--2},
    url = {https://www.usenix.org/system/files/conference/nsdi12/nsdi12-final138.pdf},
    isbn = {978-931971-92-8},
    doi = {10.1111/j.1095-8649.2005.00662.x},
    issn = {00221112},
    pmid = {2011},
    arxivId = {EECS-2011-82}
}

@article{Agarwal2015TensorFlow:Systems,
    title = {{TensorFlow: Large-Scale Machine Learning on Heterogeneous Distributed Systems}},
    year = {2015},
    author = {Agarwal, Ashish and Barham, Paul and Brevdo, Eugene and Chen, Zhifeng and Citro, Craig and Corrado, Greg S and Davis, Andy and Dean, Jeffrey and Devin, Matthieu and Ghemawat, Sanjay and Goodfellow, Ian and Harp, Andrew and Irving, Geoffrey and Isard, Michael and Jia, Yangqing and Jozefowicz, Rafal and Kaiser, Lukasz and Kudlur, Manjunath and Levenberg, Josh and Man, Dan and Monga, Rajat and Moore, Sherry and Murray, Derek and Olah, Chris and Schuster, Mike and Shlens, Jonathon and Steiner, Benoit and Sutskever, Ilya and Talwar, Kunal and Tucker, Paul and Vanhoucke, Vincent and Vasudevan, Vijay and Vi, Fernanda and Vinyals, Oriol and Warden, Pete and Wattenberg, Martin and Wicke, Martin and Yu, Yuan and Zheng, Xiaoqiang}
}

@article{Palla2005UncoveringSociety.,
    title = {{Uncovering the overlapping community structure of complex networks in nature and society.}},
    year = {2005},
    journal = {Nature},
    author = {Palla, Gergely and Palla, Gergely and Der{\'{e}}nyi, Imre and Der{\'{e}}nyi, Imre and Farkas, Illés and Farkas, Illés and Vicsek, Tamás and Vicsek, Tamás},
    number = {7043},
    pages = {814--8},
    volume = {435},
    url = {http://www.ncbi.nlm.nih.gov/pubmed/15944704},
    isbn = {1476-4687 (Electronic){\textbackslash}n0028-0836 (Linking)},
    doi = {10.1038/nature03607},
    issn = {1476-4687},
    pmid = {15944704},
    arxivId = {physics/0506133},
    keywords = {Community Networks, Humans, Internet, Models, Biological, Nature, Protein Binding, Saccharomyces cerevisiae, Saccharomyces cerevisiae: metabolism}
}

@article{Beaumont2011ApproximateEcology,
    title = {{Approximate Bayesian Computation in Evolution and Ecology}},
    year = {2011},
    journal = {Annual Review of Ecology, Evolution, and Systematics},
    author = {Beaumont, Mark A},
    number = {1},
    pages = {379--406},
    volume = {41},
    url = {http://www.annualreviews.org/doi/abs/10.1146/annurev-ecolsys-102209-144621},
    isbn = {1543-592X},
    doi = {doi:10.1146/annurev-ecolsys-102209-144621},
    issn = {1543-592X},
    keywords = {bayesian inference, monte carlo, simulation}
}

@article{Blackwell1982InstituteWww.jstor.org,
    title = {{Institute of Mathematical Statistics is collaborating with JSTOR to digitize, preserve, and extend access to The Annals of Statistics. {\textregistered} www.jstor.org}},
    year = {1982},
    journal = {Statistics},
    author = {Blackwell, D},
    number = {2},
    pages = {1100–1120},
    volume = {10},
    url = {http://projecteuclid.org/euclid.aos/1176345976},
    doi = {10.1214/aos/1176348654},
    issn = {00905364}
}

@article{Beaumont2002ApproximateGenetics,
    title = {{Approximate Bayesian computation in population genetics}},
    year = {2002},
    journal = {Genetics},
    author = {Beaumont, Mark A. and Zhang, Wenyang and Balding, David J.},
    number = {4},
    pages = {2025--2035},
    volume = {162},
    isbn = {0016-6731},
    doi = {Genetics December 1, 2002 vol. 162 no. 4 2025-2035},
    issn = {00166731},
    pmid = {12524368}
}

@article{Beaumont2015BiometrikaComputation,
    title = {{Biometrika Trust Adaptive approximate Bayesian computation Bayesian computation}},
    year = {2015},
    author = {Beaumont, Mark A and Cornuet, Jean-marie and Marin, Jean-michel and Robert, Christian P and Marin, Jean-michel and Robert, Christian P},
    number = {4},
    pages = {983--990},
    volume = {96}
}

@article{Blum2010Non-linearComputation,
    title = {{Non-linear regression models for Approximate Bayesian Computation}},
    year = {2010},
    journal = {Statistics and Computing},
    author = {Blum, Michael G B and Fran??ois, Olivier},
    number = {1},
    pages = {63--73},
    volume = {20},
    isbn = {0960-3174{\textbackslash}n1573-1375},
    doi = {10.1007/s11222-009-9116-0},
    issn = {09603174},
    arxivId = {arXiv:0809.4178v2},
    keywords = {Approximate Bayesian computation, Coalescent models, Conditional density estimation, Curse of dimensionality, Feed forward neural networks, Heteroscedasticity, Implicit statistical models, Importance sampling, Indirect inference, Likelihood-free inference, Non-linear regression}
}

@article{Blum2010HIVComputation,
    title = {{HIV with contact tracing: A case study in approximate Bayesian computation}},
    year = {2010},
    journal = {Biostatistics},
    author = {Blum, Michael G B and Tran, Viet Chi},
    number = {4},
    pages = {644--660},
    volume = {11},
    isbn = {14654644},
    doi = {10.1093/biostatistics/kxq022},
    issn = {14654644},
    pmid = {20457785},
    arxivId = {arXiv:0810.0896v3},
    keywords = {Likelihood-free inference, Mathematical epidemiology, Simulation-based inference, Stochastic SIR model, Unobserved infectious population}
}

@article{Leuenberger2010BayesianLikelihoods,
    title = {{Bayesian computation and model selection without likelihoods}},
    year = {2010},
    journal = {Genetics},
    author = {Leuenberger, Christoph and Wegmann, Daniel},
    number = {1},
    pages = {243--252},
    volume = {184},
    isbn = {0016-6731},
    doi = {10.1534/genetics.109.109058},
    issn = {00166731},
    pmid = {19786619}
}

@article{DelMoral2012AnComputation,
    title = {{An adaptive sequential Monte Carlo method for approximate Bayesian computation}},
    year = {2012},
    journal = {Statistics and Computing},
    author = {Del Moral, Pierre and Doucet, Arnaud and Jasra, Ajay},
    number = {5},
    pages = {1009--1020},
    volume = {22},
    isbn = {1122201192},
    doi = {10.1007/s11222-011-9271-y},
    issn = {09603174},
    keywords = {Approximate Bayesian computation, Markov chain Monte Carlo, Sequential Monte Carlo}
}

@article{McKinley2009InferenceLikelihoods,
    title = {{Inference in Epidemic Models without Likelihoods}},
    year = {2009},
    journal = {The International Journal of Biostatistics},
    author = {McKinley, Trevelyan and Cook, Alex R and Deardon, Robert},
    number = {1},
    pages = {1--40},
    volume = {5},
    isbn = {1557-4679},
    doi = {10.2202/1557-4679.1171},
    issn = {1557-4679}
}

@article{Nunes2010OnComputation.,
    title = {{On optimal selection of summary statistics for approximate Bayesian computation.}},
    year = {2010},
    journal = {Statistical applications in genetics and molecular biology},
    author = {Nunes, Matthew and Balding, David J},
    number = {1},
    pages = {Article34},
    volume = {9},
    url = {http://www.ncbi.nlm.nih.gov/pubmed/20887273},
    isbn = {1544-6115},
    doi = {10.2202/1544-6115.1576},
    issn = {1544-6115},
    pmid = {20887273},
    keywords = {Bayes Theorem, Computational Biology, Computational Biology: methods, Computer Simulation, Databases, Genetic, Haplotypes, Haplotypes: genetics, Models}
}

@article{Dhanjal2013AnDiseases,
    title = {{An SIR Graph Growth Model for the Epidemics of Communicable Diseases}},
    year = {2013},
    journal = {arXiv preprint arXiv:1312.2565},
    author = {Dhanjal, Charanpal and Cl{\'{e}}men{\c{c}}on, Stéphan},
    pages = {1--15},
    url = {http://arxiv.org/abs/1312.2565},
    arxivId = {1312.2565}
}

@article{Neal2015ForwardModels,
    title = {{Forward Simulation Markov Chain Monte Carlo with Applications to Stochastic Epidemic Models}},
    year = {2015},
    journal = {Scandinavian Journal of Statistics},
    author = {Neal, Peter and Terry Huang, Chien Lin},
    number = {2},
    pages = {378--396},
    volume = {42},
    doi = {10.1111/sjos.12111},
    issn = {14679469},
    keywords = {Approximate Bayesian computation, Birth-death-mutation model, Importance sampling, Markov chain Monte Carlo, Non-centred parameterization, SIR and SIS epidemic models}
}

@article{Robert2011LackChoice.,
    title = {{Lack of confidence in approximate Bayesian computation model choice.}},
    year = {2011},
    journal = {Proceedings of the National Academy of Sciences of the United States of America},
    author = {Robert, Christian P and Cornuet, Jean-Marie and Marin, Jean-Michel and Pillai, Natesh S},
    number = {37},
    pages = {15112--7},
    volume = {108},
    url = {http://www.pubmedcentral.nih.gov/articlerender.fcgi?artid=3174657&tool=pmcentrez&rendertype=abstract},
    isbn = {0027-8424},
    doi = {10.1073/pnas.1102900108},
    issn = {1091-6490},
    pmid = {21876135},
    arxivId = {arXiv:1102.4432v4},
    keywords = {Bayes Theorem, Computational Biology, Computational Biology: methods, Computer Simulation, Genetics, Population}
}

@article{Sisson2007SequentialLikelihoods,
    title = {{Sequential {\{}M{\}}onte {\{}C{\}}arlo without likelihoods}},
    year = {2007},
    journal = {Proceedings of the National Academy of Sciences},
    author = {Sisson, S a and Fan, Y and Tanaka, Mark},
    number = {6},
    pages = {1760--1765},
    volume = {104},
    url = {citeulike-article-id:1112388\nhttp://dx.doi.org/10.1073/pnas.0607208104},
    isbn = {0607208104},
    doi = {doi: 10.1073/pnas.0607208104},
    issn = {1091-6490},
    pmid = {17264216},
    keywords = {abc}
}

@article{Tanaka2006UsingData,
    title = {{Using approximate bayesian computation to estimate tuberculosis transmission parameters from genotype data}},
    year = {2006},
    journal = {Genetics},
    author = {Tanaka, Mark M. and Francis, Andrew R. and Luciani, Fabio and Sisson, S. A.},
    number = {3},
    pages = {1511--1520},
    volume = {173},
    isbn = {00166731},
    doi = {10.1534/genetics.106.055574},
    issn = {00166731},
    pmid = {16624908}
}

@article{Sunnker2013ApproximateComputation,
    title = {{Approximate Bayesian Computation}},
    year = {2013},
    journal = {PLoS Computational Biology},
    author = {Sunn??ker, Mikael and Busetto, Alberto Giovanni and Numminen, Elina and Corander, Jukka and Foll, Matthieu and Dessimoz, Christophe},
    number = {1},
    volume = {9},
    isbn = {1553-7358},
    doi = {10.1371/journal.pcbi.1002803},
    issn = {1553734X},
    pmid = {23341757}
}

@article{T.2009ApproximateSystems,
    title = {{Approximate Bayesian computation scheme for parameter inference and model selection in dynamical systems}},
    year = {2009},
    journal = {Journal of the Royal Society Interface},
    author = {T., Toni and D., Welch and N., Strelkowa and A., Ipsen and M.P.H., Stumpf},
    number = {1},
    pages = {187--202},
    volume = {6},
    url = {http://www.scopus.com/inward/record.url?eid=2-s2.0-58149142997&partnerID=40&md5=d26ab2a93f87c39123680c07b13b1285},
    isbn = {1742-5689},
    doi = {10.1098/rsif.2008.0172},
    issn = {1742-5689},
    pmid = {19205079},
    arxivId = {0901.1925},
    keywords = {Bayesian model selection, Dynamical systems, Parameter estimation, Sequential Monte Carlo, Sequential importance sampling, Sloppy parameters}
}

@article{Toni2009Simulation-basedBiology,
    title = {{Simulation-based model selection for dynamical systems in systems and population biology}},
    year = {2009},
    journal = {Bioinformatics},
    author = {Toni, Tina and Stumpf, Michael P H},
    number = {1},
    pages = {104--110},
    volume = {26},
    doi = {10.1093/bioinformatics/btp619},
    issn = {13674803},
    pmid = {19880371}
}

@article{Walker2010ParameterMethods,
    title = {{Parameter inference in small world network disease models with approximate Bayesian Computational methods}},
    year = {2010},
    journal = {Physica A: Statistical Mechanics and its Applications},
    author = {Walker, David M. and Allingham, David and Lee, Heung Wing Joseph and Small, Michael},
    number = {3},
    pages = {540--548},
    volume = {389},
    publisher = {Elsevier B.V.},
    url = {http://dx.doi.org/10.1016/j.physa.2009.09.053},
    isbn = {0378-4371},
    doi = {10.1016/j.physa.2009.09.053},
    issn = {03784371},
    pmid = {272282700021},
    keywords = {Approximate Bayesian Computation, Epidemiological models, Small world networks, Stochastic simulation {\&} inference}
}

@article{RishAData,
    title = {{A Tutorial on Inference and Learning in Bayesian Networks Outline Motivation: learning probabilistic models from data}},
    author = {Rish, Irina},
    url = {http://www.research.ibm.com/people/r/rish/}
}

@article{ProbabilisticGraphs,
    title = {{Probabilistic inference and factor graphs}},
    url = {http://deepdive.stanford.edu/inference}
}

@article{IntroducingIntroduction,
    title = {{Introducing Bayesian Networks 2.1 Introduction}},
    url = {http://www.csse.monash.edu.au/bai/book/about.php}
}

@article{Turilli2015ASystems,
    title = {{A Comprehensive Perspective on Pilot-Job Systems}},
    year = {2015},
    author = {Turilli, Matteo and Santcroos, Mark and Jha, Shantenu},
    url = {http://arxiv.org/abs/1508.04180},
    arxivId = {1508.04180}
}

@article{Wang2006ADevices,
    title = {{A Realistic Power Consumption Model for Wireless Sensor Network Devices}},
    year = {2006},
    journal = {3rd Annual IEEE Communications Society Conference on Sensor and Ad Hoc Communications and Networks (SECON 06)},
    author = {Wang, Qin and Hempstead, Mark and Yang, Woodward},
    pages = {286--295},
    url = {http://ieeexplore.ieee.org/lpdocs/epic03/wrapper.htm?arnumber=4068131},
    isbn = {1-4244-0626-9},
    doi = {10.1109/SAHCN.2006.288433},
    keywords = {Energy consumption, Hardware, Low-noise amplifiers, Power generation, RF environment, Radio frequency, Radiofrequency amplifiers, Radiofrequency identification, Routing, Wireless communication, communication protocol overhead, energy efficient routing schemes, low noise amplifier, low noise amplifiers, multihop routing, node placement, power amplifier, power amplifiers, power management, realistic power consumption model, routing protocols, single hop routing, telecommunication network topology, topology design, wireless sensor network devices, wireless sensor networks}
}

@article{Krauter2002AComputing,
    title = {{A taxonomy and survey of grid resource management systems for distributed computing}},
    year = {2002},
    journal = {Software - Practice and Experience},
    author = {Krauter, Klaus and Buyya, Rajkumar and Maheswaran, Muthucumaru},
    number = {2},
    pages = {135--164},
    volume = {32},
    isbn = {0038-0644},
    doi = {10.1002/spe.432},
    issn = {00380644},
    keywords = {Distributed computing, Grids, Resource management, Scheduling, Taxonomies}
}

@article{Kumar2005DistributedNetworks,
    title = {{Distributed collaboration for event detection in wireless sensor networks}},
    year = {2005},
    journal = {MPAC '05: Proceedings of the 3rd international workshop on Middleware for pervasive and ad-hoc computing},
    author = {Kumar, A V U Phani and Reddy, Adi Mallikarjuna and Janakiram, D},
    number = {11},
    pages = {1--8},
    isbn = {1595932682},
    keywords = {and wireless communication, cs, d, ernet, iitm, in, janakiram, small miniature devices called, technology in micro-electronics, with the advancement of}
}

@article{Luo2009CompressiveNetworks,
    title = {{Compressive data gathering for large-scale wireless sensor networks}},
    year = {2009},
    journal = {Proceedings of the 15th annual international conference on Mobile computing and networking (MobiCom '09)},
    author = {Luo, Chong and Wu, Feng and Sun, Jun and Chen, Chang Wen},
    number = {800},
    pages = {145},
    isbn = {9781605587028},
    doi = {10.1145/1614320.1614337},
    issn = {9781605587028},
    keywords = {compressive sampling, wireless sensor networks}
}

@article{Candes2008AnSampling,
    title = {{An Introduction To Compressive Sampling}},
    year = {2008},
    journal = {IEEE Signal Processing Magazine},
    author = {Candes, E.J. and Wakin, M.B.},
    number = {2},
    pages = {21--30},
    volume = {25},
    isbn = {1053-5888 VO - 25},
    doi = {10.1109/MSP.2007.914731},
    issn = {1053-5888},
    pmid = {4472240},
    arxivId = {arXiv:1307.1360v1}
}

@article{Barber2015BayesianLearning,
    title = {{Bayesian Reasoning and Machine Learning}},
    year = {2015},
    author = {Barber, David}
}

@article{BajwaCompressiveDescriptors,
    title = {{Compressive Wireless Sensing Categories and Subject Descriptors}},
    author = {Bajwa, Waheed and Haupt, Jarvis and Sayeed, Akbar and Nowak, Robert},
    isbn = {1595933344},
    keywords = {compressive sampling, uncoded, wireless sensor networks}
}

@article{Babakmehr2016CompressiveGrids,
    title = {{Compressive Sensing-Based Topology Identification for Smart Grids}},
    year = {2016},
    journal = {IEEE Transactions on Industrial Informatics},
    author = {Babakmehr, Mohammad and Simoes, Marcelo G. and Wakin, Michael B. and Harirchi, Farnaz},
    number = {2},
    pages = {532--543},
    volume = {12},
    url = {http://ieeexplore.ieee.org/lpdocs/epic03/wrapper.htm?arnumber=7390280},
    doi = {10.1109/TII.2016.2520396},
    issn = {1551-3203}
}

@article{Pradhan2002DistributedNetwork,
    title = {{Distributed compression in a dense microsensor network}},
    year = {2002},
    journal = {IEEE Signal Processing Magazine},
    author = {Pradhan, S. Sandeep and Kusuma, Julius and Ramchandran, Kannan},
    number = {2},
    pages = {51--60},
    volume = {19},
    isbn = {1053-5888},
    doi = {10.1109/79.985684},
    issn = {10535888}
}

@article{Hao2014DevelopmentFlowmeter,
    title = {{Development of a digital and battery-free smart flowmeter}},
    year = {2014},
    journal = {Energies},
    author = {Hao, Wang Song and Garcia, Ronald},
    number = {6},
    pages = {3695--3709},
    volume = {7},
    doi = {10.3390/en7063695},
    issn = {19961073},
    keywords = {Autonomous flowmeter, Flow monitoring, Flowmeter, Leakage control, Self-powered flowmeter, Smart metering system}
}

@article{Low2010GraphLab:Learning,
    title = {{GraphLab: A New Framework for Parallel Machine Learning}},
    year = {2010},
    journal = {Conference on Uncertainty in Artificial Intelligence},
    author = {Low, Yucheng and Gonzalez, Joseph and Kyrola, Aapo and Bickson, Danny and Guestrin, Carlos and Hellerstein, Joseph M.},
    url = {http://arxiv.org/abs/1006.4990},
    arxivId = {1006.4990}
}

@article{Papaioannou2010DistributedNetworks,
    title = {{Distributed Data Classification in Sensor Networks}},
    year = {2010},
    journal = {Technology},
    author = {Papaioannou, Ioannis and Stavrou, Periklis and Zafeiropoulos, Anastasios},
    url = {http://webee.technion.ac.il/people/ittay/publications/distributedClassificationPODC10.pdf},
    isbn = {9781605588889},
    keywords = {all or part of, distributed classification, gossip, is granted without fee, or hard copies of, permission to make digital, personal or classroom use, provided that copies are, this work for}
}

@article{Fong2004HowPaper,
    title = {{How to Read a CS Research Paper?}},
    year = {2004},
    journal = {The American journal of occupational therapy : official publication of the American Occupational Therapy Association},
    author = {Fong, Pwl},
    number = {9},
    pages = {596--600},
    volume = {42},
    url = {http://www.pubmedcentral.nih.gov/articlerender.fcgi?artid=3574471&tool=pmcentrez&rendertype=abstract\nhttp://faculty.ksu.edu.sa/chikh/Documents/reading-paper.pdf},
    isbn = {0097-8418},
    doi = {10.1145/1595453.1595493},
    issn = {0272-9490},
    pmid = {3189491},
    keywords = {Reading, Research, Writing}
}

@article{Keshav2007HowPaper,
    title = {{How to Read a Paper}},
    year = {2007},
    journal = {ACM SIGCOMM Computer Communication Review},
    author = {Keshav, Srinivasan},
    number = {3},
    pages = {83--84},
    volume = {37},
    url = {http://blizzard.cs.uwaterloo.ca/keshav/home/Papers/data/07/paper-reading.pdf\nhttp://portal.acm.org/citation.cfm?doid=1273445.1273458},
    isbn = {0146-4833},
    doi = {10.1145/1273445.1273458},
    issn = {01464833},
    pmid = {15735874},
    arxivId = {1003.3921v1}
}

@article{Hoffmann2013EnergyApplications,
    title = {{Energy Harvesting from Fluid Flow in Water Pipelines for Smart Metering Applications}},
    year = {2013},
    journal = {Journal of Physics: Conference Series},
    author = {Hoffmann, D and Willmann, a and G{\"{o}}pfert, R and Becker, P and Folkmer, B and Manoli, Y},
    pages = {012104},
    volume = {476},
    url = {http://stacks.iop.org/1742-6596/476/i=1/a=012104?key=crossref.fcc36bf8d6573535f11242b5bbd0df01},
    doi = {10.1088/1742-6596/476/1/012104},
    issn = {1742-6588}
}

@article{Raman1998Matchmaking:Computing,
    title = {{Matchmaking: Distributed resource management for high throughput computing}},
    year = {1998},
    journal = {High Performance Distributed {\ldots}},
    author = {Raman, Rajesh and Livny, Miron and Solomon, Marvin},
    pages = {1--8},
    url = {http://ieeexplore.ieee.org/xpls/abs_all.jsp?arnumber=709966}
}

@article{Buyya2000Nimrod/G:Grid,
    title = {{Nimrod/G: an architecture for a resource management and scheduling system in a global computational grid}},
    year = {2000},
    journal = {Proceedings Fourth International Conference/Exhibition on High Performance Computing in the Asia-Pacific Region},
    author = {Buyya, R. and Abramson, D. and Giddy, J.},
    pages = {1--7},
    volume = {1},
    isbn = {0-7695-0589-2},
    doi = {10.1109/HPC.2000.846563},
    arxivId = {cs/0009021}
}

@article{BarabasiChapterProperty,
    title = {{Chapter 4: The Scale-Free Property}},
    author = {Barab{\'{a}}si, Albert-László}
}

@article{Ongaro2014InAlgorithm,
    title = {{In Search of an Understandable Consensus Algorithm}},
    year = {2014},
    journal = {Proceedings of the 2014 USENIX Annual Technical Conference},
    author = {Ongaro, Diego and Ousterhout, John},
    pages = {305--320},
    url = {http://dl.acm.org/citation.cfm?id=2643634.2643666},
    isbn = {978-1-931971-10-2},
    issn = {<null>}
}

@book{VogelsScalableComputing,
    title = {{Scalable Cluster Technologies forMission-Critical Enterprise Computing}},
    author = {Vogels, Werner H. P.},
    isbn = {1411601661}
}

@article{Aspnes2011NotesSystems,
    title = {{Notes on Theory of Distributed Systems}},
    year = {2011},
    journal = {Notes},
    author = {Aspnes, James}
}

@article{Tasic2012Self-poweredFeedback,
    title = {{Self-powered water meter for direct feedback}},
    year = {2012},
    journal = {Proceedings of 2012 International Conference on the Internet of Things, IOT 2012},
    author = {Tasic, Vojkan and Staake, Thorsten and Stiefmeier, Thomas and Tiefenbeck, Verena and Fleisch, Elgar and Tr{\"{o}}ster, Gerhard},
    pages = {24--30},
    isbn = {9781467313469},
    doi = {10.1109/IOT.2012.6402300}
}

@article{Becker2013EnergyHarvester,
    title = {{Energy Autonomous Wireless Water Meter with Integrated Turbine Driven Energy Harvester}},
    year = {2013},
    journal = {Journal of Physics: Conference Series},
    author = {Becker, P and Folkmer, B and Goepfert, R and Hoffmann, D and Willmann, A and Manoli, Y},
    pages = {012046},
    volume = {476},
    url = {http://stacks.iop.org/1742-6596/476/i=1/a=012046?key=crossref.85200ea9102ac738ddb92bcb81255b75},
    doi = {10.1088/1742-6596/476/1/012046},
    issn = {1742-6588}
}

@incollection{Beinlich1989TheNetworks,
    title = {{The ALARM Monitoring System: A Case Study with two Probabilistic Inference Techniques for Belief Networks}},
    year = {1989},
    author = {Beinlich, Ingo A. and Suermondt, H. J. and Chavez, R. Martin and Cooper, Gregory F.},
    pages = {247--256},
    url = {http://www.springerlink.com/index/10.1007/978-3-642-93437-7_28},
    doi = {10.1007/978-3-642-93437-7{\_}28}
}

@article{Doorenbos1995ProductionSystems,
    title = {{Production Matching for Large Learning Systems}},
    year = {1995},
    journal = {Information Sciences},
    author = {Doorenbos, Robert B},
    number = {4},
    pages = {208},
    volume = {9},
    url = {http://citeseerx.ist.psu.edu/viewdoc/download?doi=10.1.1.83.4551&amp;rep=rep1&amp;type=pdf},
    doi = {10.1.1.83.4551},
    issn = {15249050}
}

@article{Forgy1982Rete:Problem,
    title = {{Rete: A Fast Algorithm for the Many Patterns/Many Objects Match Problem}},
    year = {1982},
    journal = {Artificial Intelligence},
    author = {Forgy, Charles},
    number = {1982},
    pages = {17--37},
    volume = {19},
    url = {http://scholar.google.com/scholar?hl=en&btnG=Search&q=intitle:Rete:+a+fast+algorithm+for+the+many+patterns/many+objects+match+problem#0},
    doi = {10.1016/0004-3702(82)90020-0}
}

@article{Myers1986INTRODUCTIONSYSTEMS.,
    title = {{INTRODUCTION TO EXPERT SYSTEMS.}},
    year = {1986},
    journal = {IEEE Expert},
    author = {Myers, Ware},
    number = {1},
    pages = {100--109},
    volume = {1},
    isbn = {0201876868},
    doi = {10.1109/MEX.1986.5006506},
    issn = {08859000},
    pmid = {2823}
}

@article{Gonzalez2014GraphXFramework,
    title = {{GraphX : Graph Processing in a Distributed Dataflow Framework}},
    year = {2014},
    journal = {11th USENIX Symposium on Operating Systems Design and Implementation},
    author = {Gonzalez, Joseph E and Xin, Reynold S and Dave, Ankur and Crankshaw, Daniel and Franklin, Michael J and Gonzalez, Joseph E and Xin, Reynold S and Dave, Ankur and Crankshaw, Daniel and Franklin, Michael J and Stoica, Ion},
    pages = {599--613},
    url = {https://www.usenix.org/conference/osdi14/technical-sessions/presentation/gonzalez},
    isbn = {9781931971164},
    keywords = {University of California Berkeley}
}

@article{Berkhin2005AComputing,
    title = {{A Survey on PageRank Computing}},
    year = {2005},
    journal = {Internet Mathematics},
    author = {Berkhin, Pavel},
    number = {1},
    pages = {73--120},
    volume = {2},
    doi = {10.1080/15427951.2005.10129098},
    issn = {1542-7951}
}

@article{Kyrola2012GraphChi:Computation,
    title = {{GraphChi: Large-Scale Graph Computation on Just a PC Disk-based Graph Computation}},
    year = {2012},
    journal = {Proceedings of the 10th USENIX conference on Operating Systems Design and Implementation},
    author = {Kyrola, Aapo and Blelloch, Guy and Guestrin, Carlos},
    pages = {31--46},
    isbn = {978-1-931971-96-6},
    issn = {1432-4350}
}

@article{Rosvall2008MapsStructure.,
    title = {{Maps of random walks on complex networks reveal community structure.}},
    year = {2008},
    journal = {Proceedings of the National Academy of Sciences of the United States of America},
    author = {Rosvall, M. and Bergstrom, C. T.},
    number = {4},
    pages = {1118--23},
    volume = {105},
    url = {http://www.ncbi.nlm.nih.gov/pubmed/18216267},
    isbn = {1091-6490 (Electronic){\textbackslash}r0027-8424 (Linking)},
    doi = {10.1073/pnas.0706851105},
    issn = {1091-6490},
    pmid = {18216267},
    arxivId = {0707.0609v3},
    keywords = {Bibliometrics, Biomedical Research, Biomedical Research: instrumentation, Biomedical Research: methods, Biomedical Research: statistics {\&} numerical data, Information Theory, Markov Chains, Periodicals as Topic, Science, Science: instrumentation, Science: methods, Science: statistics {\&} numerical data}
}

@article{ONeil1996TheLSM-Tree,
    title = {{The Log-Structured Merge-Tree (LSM-Tree)}},
    year = {1996},
    journal = {Acta Inf.},
    author = {O'Neil, Patrick E and Cheng, Edward and Gawlick, Dieter and O'Neil, Elizabeth J},
    number = {4},
    pages = {351--385},
    volume = {33}
}

@article{Broder2006EfficientAggregation,
    title = {{Efficient PageRank approximation via graph aggregation}},
    year = {2006},
    journal = {Information Retrieval},
    author = {Broder, A. Z. and Lempel, R. and Maghoul, F. and Pedersen, J.},
    number = {2},
    pages = {123--138},
    volume = {9},
    isbn = {1581139128},
    doi = {10.1007/s10791-006-7146-1},
    issn = {13864564},
    keywords = {Citation and link analysis, Web IR}
}

@article{Albert1999Internet:Web,
    title = {{Internet: Diameter of the World-Wide Web}},
    year = {1999},
    journal = {Nature},
    author = {Albert, Réka and Jeong, Hawoong and Barabasi, Albert Laszlo},
    number = {6749},
    pages = {130--131},
    volume = {401},
    url = {http://www.nature.com/nature/journal/v401/n6749/full/401130a0.html},
    isbn = {0028-0836},
    doi = {10.1038/43601},
    issn = {0028-0836},
    pmid = {17904818},
    arxivId = {cond-mat/9907038v2},
    keywords = {Network, Observation, Pioneer}
}

@misc{Page1998TheWeb.,
    title = {{The PageRank citation ranking:bringing order to the web.}},
    year = {1998},
    booktitle = {Technical report, Stanford Digital Library Technologies Project},
    author = {Page, L and Brin, S and Motwani, R and Winograd, T},
    url = {http://ilpubs.stanford.edu:8090/422/1/1999-66.pdf},
    doi = {SIDL-WP-1999-0120}
}

@article{Kleinfeld2002TheProblem,
    title = {{The small world problem}},
    year = {2002},
    journal = {Society},
    author = {Kleinfeld, Judith S.},
    number = {2},
    pages = {61--66},
    volume = {39},
    isbn = {0033-3107},
    doi = {10.1007/BF02717530},
    issn = {01472011},
    pmid = {21386866}
}

@article{1953ASociometric,
    title = {{a New Status I N D E X D E R I V E D From Sociometric}},
    year = {1953},
    number = {1}
}

@misc{NeoTechnologyNeo4j,
    title = {{Neo4j}},
    author = {Neo Technology, Inc.},
    url = {http://neo4j.com/}
}

@misc{Bastani2016Neo4jMazerunner,
    title = {{Neo4j Mazerunner}},
    year = {2016},
    author = {Bastani, Kenny},
    url = {https://github.com/kbastani/neo4j-mazerunner}
}

@misc{eBay2014PythonicPackage,
    title = {{Pythonic Bayesian Belief Network Package}},
    year = {2014},
    author = {{eBay}},
    url = {https://github.com/eBay/bayesian-belief-networks}
}

@misc{ScutariBayesianRepository,
    title = {{Bayesian Network Repository}},
    author = {Scutari, Marco},
    url = {http://www.bnlearn.com/bnrepository/}
}

@article{Gonzalez2014GraphXFrameworkb,
    title = {{GraphX : Graph Processing in a Distributed Dataflow Framework}},
    year = {2014},
    journal = {11th USENIX Symposium on Operating Systems Design and Implementation},
    author = {Gonzalez, Joseph E and Xin, Reynold S and Dave, Ankur and Crankshaw, Daniel and Franklin, Michael J and Gonzalez, Joseph E and Xin, Reynold S and Dave, Ankur and Crankshaw, Daniel and Franklin, Michael J and Stoica, Ion},
    pages = {599--613},
    url = {https://www.usenix.org/conference/osdi14/technical-sessions/presentation/gonzalez},
    isbn = {9781931971164},
    keywords = {University of California Berkeley}
}

@article{Gonzalez2014GraphXFrameworkc,
    title = {{GraphX : Graph Processing in a Distributed Dataflow Framework}},
    year = {2014},
    journal = {11th USENIX Symposium on Operating Systems Design and Implementation},
    author = {Gonzalez, Joseph E and Xin, Reynold S and Dave, Ankur and Crankshaw, Daniel and Franklin, Michael J and Gonzalez, Joseph E and Xin, Reynold S and Dave, Ankur and Crankshaw, Daniel and Franklin, Michael J and Stoica, Ion},
    pages = {599--613},
    url = {https://www.usenix.org/conference/osdi14/technical-sessions/presentation/gonzalez},
    isbn = {9781931971164},
    keywords = {University of California Berkeley}
}

@article{Rostanski2014EvaluationRabbitMQ,
    title = {{Evaluation of highly available and fault-tolerant middleware clustered architectures using RabbitMQ}},
    year = {2014},
    journal = {2014 Federated Conference on Computer Science and Information Systems, FedCSIS 2014},
    author = {Rosta{\'{n}}ski, Maciej and Grochla, Krzysztof and Seman, Aleksander},
    pages = {879--884},
    volume = {2},
    url = {http://www.scopus.com/inward/record.url?eid=2-s2.0-84912058920&partnerID=tZOtx3y1},
    isbn = {9788360810583},
    doi = {10.15439/2014F48}
}

@article{Vinoski2006AdvancedProtocol,
    title = {{Advanced message queuing protocol}},
    year = {2006},
    journal = {IEEE Internet Computing},
    author = {Vinoski, Steve},
    number = {6},
    pages = {87--89},
    volume = {10},
    isbn = {978-1-4673-5990-0},
    doi = {10.1109/MIC.2006.116},
    issn = {10897801},
    pmid = {19182344},
    keywords = {AMQP asynchronous messaging, Advanced Message Queuing Protocol, Middleware}
}

@misc{vandenBulk2016Neo4JBayesian-belief-networks,
    title = {{Neo4J import Pull Request for eBay bayesian-belief-networks}},
    year = {2016},
    author = {van den Bulk, Henri M.B.},
    url = {https://github.com/eBay/bayesian-belief-networks/pull/17}
}

@article{Dwork2014ThePrivacy,
    title = {{The Algorithmic Foundations of Differential Privacy}},
    year = {2014},
    journal = {Theoretical Computer Science},
    author = {Dwork, Cynthia and Roth, Aaron},
    pages = {3--4},
    volume = {9},
    doi = {10.1561/0400000042}
}

@article{Bulk2016CSCI-598A-BigReport,
    title = {{CSCI-598A-Big Graph Analytics - Project Report}},
    year = {2016},
    author = {Bulk, Henri M B Van Den},
    pages = {1--7}
}

@article{PlengeTRAF1-C5Study,
    title = {{TRAF1-C5 as a Risk Locus for Rheumatoid Arthritis — A Genomewide Study}},
    author = {Plenge, Robert M and Seielstad, Mark and Padyukov, Leonid and Lee, Annette T and Remmers, Elaine F and Ding, Bo and Liew, Anthony and Khalili, Houman and Chandrasekaran, Alamelu and Davies, Leela R L and Li, Wentian and Tan, Adrian K S and Bonnard, Carine and Ong, Rick T H and Thalamuthu, Anbupalam and Pettersson, Sven and Liu, Chunyu and Tian, Chao and Chen, Wei V and Carulli, John P and Beckman, Evan M and Altshuler, David and Alfredsson, Lars and Criswell, Lindsey A and Amos, Christopher I and Seldin, Michael F and Kastner, Daniel L and Klareskog, Lars and Gregersen, Peter K},
    doi = {10.1056/NEJMoa073491}
}

@misc{2013BestStarted,
    title = {{Best Machine Learning Resources for Getting Started}},
    year = {2013},
    url = {http://machinelearningmastery.com/best-machine-learning-resources-for-getting-started/}
}

@article{Domingos2012ALearning,
    title = {{A few useful things to know about machine learning}},
    year = {2012},
    journal = {Communications of the ACM},
    author = {Domingos, Pedro},
    number = {10},
    pages = {78},
    volume = {55},
    isbn = {0001-0782},
    doi = {10.1145/2347736.2347755},
    issn = {00010782},
    pmid = {1000183096},
    arxivId = {cs/9605103}
}

@article{Kandhari2009AnomalyDetection,
    title = {{Anomaly detection}},
    year = {2009},
    journal = {ACM Computing Surveys},
    author = {Kandhari, Rupali and Chandola, Varun and Banerjee, Arindam and Kumar, Vipin and Kandhari, Rupali},
    number = {3},
    pages = {1--6},
    volume = {41},
    url = {http://portal.acm.org/citation.cfm?doid=1541880.1541882},
    isbn = {0818663359},
    doi = {10.1145/1541880.1541882},
    issn = {03600300},
    pmid = {21834704},
    keywords = {Anomaly detection, outlier detection}
}

@article{Berkhin2006SurveyTechniques,
    title = {{Survey of Clustering Data Mining Techniques}},
    year = {2006},
    journal = {Grouping Multidimensional Data: Recent Advances in Clustering},
    author = {Berkhin, Pavel},
    pages = {25--71},
    isbn = {9783540283485},
    doi = {10.1007/3-540-28349-8{\_}2},
    issn = {1557900X},
    pmid = {20509796}
}

@article{QiangYang2010ALearning,
    title = {{a Survey on Transfer Learning}},
    year = {2010},
    author = {{Qiang Yang}},
    number = {10},
    pages = {1--15},
    volume = {1}
}

@article{Kotsiantis2007SupervisedTechniques,
    title = {{Supervised machine learning: A review of classification techniques}},
    year = {2007},
    journal = {Informatica},
    author = {Kotsiantis, Sotiris B.},
    pages = {249--268},
    volume = {31},
    url = {http://books.google.com/books?hl=en&lr=&id=vLiTXDHr_sYC&oi=fnd&pg=PA3&dq=survey+machine+learning&ots=CVsyuwYHjo&sig=A6wYWvywU8XTc7Dzp8ZdKJaW7rc\npapers://5e3e5e59-48a2-47c1-b6b1-a778137d3ec1/Paper/p800\nhttp://www.informatica.si/PDF/31-3/11_Kotsiantis - S},
    isbn = {1586037803},
    doi = {10.1115/1.1559160},
    issn = {09226389},
    keywords = {algorithms analysis classifiers computational conn, classifiers, data mining techniques, intelligent data analysis, learning algorithms}
}

@article{Zheng2015EvolutionarySurvey,
    title = {{Evolutionary optimization for disaster relief operations: A survey}},
    year = {2015},
    journal = {Applied Soft Computing Journal},
    author = {Zheng, Yu Jun and Chen, Sheng Yong and Ling, Hai Feng},
    pages = {553--566},
    volume = {27},
    publisher = {Elsevier B.V.},
    url = {http://dx.doi.org/10.1016/j.asoc.2014.09.041},
    isbn = {1568-4946},
    doi = {10.1016/j.asoc.2014.09.041},
    issn = {15684946},
    keywords = {Disaster relief, Emergency operational problems, Evolutionary algorithms (EAs), Optimization}
}

@article{Schumaker2009ANews,
    title = {{A quantitative stock prediction system based on financial news}},
    year = {2009},
    journal = {Information Processing and Management},
    author = {Schumaker, Robert P. and Chen, Hsinchun},
    number = {5},
    pages = {571--583},
    volume = {45},
    isbn = {0306-4573},
    doi = {10.1016/j.ipm.2009.05.001},
    issn = {03064573},
    pmid = {29751},
    arxivId = {arXiv:1011.1669v3},
    keywords = {Knowledge management, Prediction from textual documents, Quantitative funds}
}

@article{Zhu2007Semi-SupervisedSurvey,
    title = {{Semi-Supervised Learning Literature Survey}},
    year = {2007},
    journal = {Sciences-New York},
    author = {Zhu, Xiaojin},
    pages = {1--59},
    url = {http://citeseerx.ist.psu.edu/viewdoc/download?doi=10.1.1.146.2352&rep=rep1&type=pdf},
    isbn = {1530},
    doi = {10.1.1.146.2352},
    pmid = {22175947},
    keywords = {learning}
}

@article{ReinaEvolutionaryScenarios,
    title = {{Evolutionary deployment and local search- ­ ‐ based movements of 0 th responders in disaster scenarios}},
    author = {Reina, D G and Camp, T and Munjal, A and Toral, S L},
    pages = {1--39},
    keywords = {communications, disaster scenarios, evolutionary algorithm, local search algorithm}
}

@article{Seo2004FinancialManagement.,
    title = {{Financial news analysis for intelligent portfolio management.}},
    year = {2004},
    journal = {Technical Report CMU-RI-TR-04-04},
    author = {Seo, Young-Woo and Giampapa, Joseph and Sycara, Katia},
    number = {January},
    keywords = {Challenges, Term Frequency x Inverse Document Frequency (TFIDF, Vector Space Model, attractiveness as an investment, automatically analyzing news reports, co-located phrases, companies, company's financial outlok, company's financial outlook, confidence, contextual changes, dai, distributed artificial intelligence, features of the financial prediction task, financial analysts, frequency statistics, indicate financial outlook of a company, information retrieval, intelligent portfolio management, investors, mining, news articles, news reports, portfolio, positive correlation between news reports, quantitative financial information, quantitative information, reflect positively or negatively, sampling method, software agents, text classification method, textminer, track and read, uncertainty sampling, vote entropy}
}

@article{Zhang2007AnFor,
    title = {{An Agent-Based Hybrid Intelligent System for}},
    year = {2007},
    author = {Zhang, Zili and Zhang, Chengqi},
    number = {1},
    pages = {355--364}
}

@article{Kutsurelis1998ForecastingAccuracy,
    title = {{Forecasting financial markets using neural networks: An analysis of methods and accuracy}},
    year = {1998},
    author = {Kutsurelis, Je},
    number = {September},
    pages = {1--67},
    url = {http://oai.dtic.mil/oai/oai?verb=getRecord&metadataPrefix=html&identifier=ADA355005}
}

@article{Halkidi2001OnTechniques,
    title = {{On clustering validation techniques}},
    year = {2001},
    journal = {Journal of Intelligent Information Systems},
    author = {Halkidi, Maria and Batistakis, Yannis and Vazirgiannis, Michalis},
    number = {2-3},
    pages = {107--145},
    volume = {17},
    isbn = {0925-9902},
    doi = {10.1023/A:1012801612483},
    issn = {09259902},
    pmid = {18257938},
    keywords = {Cluster validity, Clustering algorithms, Unsupervised learning, Validity indices}
}

@article{West2005NeuralApplications,
    title = {{Neural network ensemble strategies for financial decision applications}},
    year = {2005},
    journal = {Computers and Operations Research},
    author = {West, David and Dellana, Scott and Qian, Jingxia},
    number = {10},
    pages = {2543--2559},
    volume = {32},
    isbn = {0305-0548},
    doi = {10.1016/j.cor.2004.03.017},
    issn = {03050548},
    keywords = {Bagging, Bankruptcy prediction, Boosting, Credit scoring, Ensembles}
}

@article{Pantazopoulos1997Financial1997.Pdf,
    title = {{Financial Prediction and Trading Strategies Using Neurofuzzy Approaches - Pantazopoulos Tsoukalas Bourbakis Brun Houstis - 1997.Pdf}},
    year = {1997},
    author = {Pantazopoulos, K N and Tsoukalas, L H and Bourbakis, N G and Houstis, Elias N}
}

@article{Yi2012SimulatedLearning,
    title = {{Simulated Evolution and Learning}},
    year = {2012},
    journal = {Lecture Notes in Computer Science},
    author = {Yi, Si Hyuk and Cho, Sung Bae},
    number = {October},
    pages = {491--500},
    volume = {7673},
    url = {http://www.scopus.com/inward/record.url?eid=2-s2.0-84871363470&partnerID=tZOtx3y1},
    isbn = {978-3-642-34858-7},
    doi = {10.1007/978-3-642-34859-4},
    issn = {03029743},
    keywords = {Distance Measure, Evolutionary Robotics, Robot Controller, Speciation, Theory of mind}
}

@article{Kuzniak2015TheRetrospective,
    title = {{The Grable and Lytton risk-tolerance scale : A 15-year retrospective}},
    year = {2015},
    journal = {Financial Services Review},
    author = {Kuzniak, Stephen and Rabbani, Abed and Heo, Wookjae and Ruiz-menjivar, Jorge and Grable, John E},
    pages = {177--192},
    volume = {24},
    issn = {10570810},
    keywords = {risk, risk assessment, risk scale, risk scoring, risk tolerance}
}

@article{Chapados2001CostNetworks.,
    title = {{Cost functions and model combination for VaR-based asset allocation using neural networks.}},
    year = {2001},
    journal = {IEEE Transactions on Neural Networks},
    author = {Chapados, N and Bengio, Yoshua},
    number = {4},
    pages = {890--906},
    volume = {12},
    url = {http://www.ncbi.nlm.nih.gov/pubmed/18249920},
    doi = {10.1109/72.935098},
    issn = {1045-9227},
    pmid = {18249920},
    keywords = {12, 890, 906, asset allocation, financial performance criterion, july 2001, model combination, on neural networks, pp, published in ieee transactions, recurrent multilayer neural networks, value-at-risk, vol}
}

@article{Jurgutis2016AnDECISION,
    title = {{An Investor Risk Tolerance Assessment Using Interface Agent in Multi-agents Decision Support System INTERFACE AGENT IN MULTI-AGENTS DECISION}},
    year = {2016},
    author = {Jurgutis, Andrius and Simutis, Rimvydas},
    number = {September},
    keywords = {fuzzy logic., multi-agents decision support system, risk tolerance assessment}
}

@phdthesis{Lynch2015AssetNetworks,
    title = {{Asset Allocation Technique for a Diversified Investment Portfolio Using Artificial Neural Networks}},
    year = {2015},
    author = {Lynch, Dustin Shane},
    number = {August},
    volume = {1},
    isbn = {9788578110796},
    doi = {10.1017/CBO9781107415324.004},
    issn = {1098-6596},
    pmid = {25246403},
    arxivId = {arXiv:1011.1669v3},
    keywords = {icle}
}

@article{Lam2004NeuralAnalysis,
    title = {{Neural network techniques for financial performance prediction: integrating fundamental and technical analysis}},
    year = {2004},
    journal = {Decision Support Systems},
    author = {Lam, Monica},
    number = {4},
    pages = {567--581},
    volume = {37},
    doi = {10.1016/S0167-9236(03)00088-5},
    issn = {01679236},
    keywords = {Data mining, Financial performance, Forecasting, Fundamental analysis, Neural networks, Postprocessing techniques, Rule extraction, Technical analysis}
}

@article{Gomez-Ramos2013ASeries,
    title = {{A Review of Artificial Neural Networks: How Well Do They Perform Forecasting Time Series?}},
    year = {2013},
    journal = {Journal of Statistical Analysis},
    author = {G{\'{o}}mez-Ramos, Elsy and Venegas-Mart{\'{i}}nez, Francisco}
}

@article{AGuptaSParkGeneralizedNetworks,
    title = {{Generalized analytic rule extraction for feedforward neural networks}},
    author = {A Gupta, S Park, M Lam},
    doi = {10.1109/69.824621}
}

@article{Bahrammirzaee2010ASystems,
    title = {{A comparative survey of artificial intelligence applications in finance: Artificial neural networks, expert system and hybrid intelligent systems}},
    year = {2010},
    journal = {Neural Computing and Applications},
    author = {Bahrammirzaee, Arash},
    number = {8},
    pages = {1165--1195},
    volume = {19},
    isbn = {0941-0643},
    doi = {10.1007/s00521-010-0362-z},
    issn = {09410643},
    keywords = {Artificial neural networks, Credit evaluation, Expert system, Financial prediction and planning, Hybrid intelligent systems, Portfolio management}
}

@article{Chemiavsky1991GeneralizedNetworks,
    title = {{Generalized Analytic Rule Extraction for feedforward neural networks}},
    year = {1991},
    journal = {Foundations},
    author = {Chemiavsky, John C and Smith, Carl H},
    number = {9144263},
    pages = {636--638},
    volume = {17},
    isbn = {0098-5589},
    doi = {10.1109/32.106988},
    issn = {00985589},
    pmid = {158},
    keywords = {Algorithm design and analysis, Application software, Classification tree analysis, Computer vision, Data mining, Decision trees, Feedforward neural networks, Neural networks, Testing, Time series analysis}
}

@article{Ellis2005CanMarket,
    title = {{Can a Neural Network Property Portfolio Selection Process Outperform the Property Market?}},
    year = {2005},
    journal = {Journal of Real Estate Portfolio Management},
    author = {Ellis, Craig and Wilson, Patrick},
    number = {2},
    pages = {105--121},
    volume = {11},
    url = {http://ares.metapress.com/content/qj28k45210032368},
    issn = {10835547}
}

@article{Vaisla2010AnForecasting,
    title = {{An Analysis of the Performance of Artificial Neural Network Technique for Stock Market Forecasting}},
    year = {2010},
    journal = {International Journal on Computer Science and Engineering},
    author = {Vaisla, Kunwar Singh and Bhatt, Ashutosh Kumar},
    number = {6},
    pages = {2104--2109},
    volume = {2}
}

@article{Marques2012ExploringEnsembles,
    title = {{Exploring the behaviour of base classifiers in credit scoring ensembles}},
    year = {2012},
    author = {Marqu{\'{e}}s, A I and Garc{\'{i}}a, V and S{\'{a}}nchez, J S},
    doi = {10.1016/j.eswa.2012.02.092},
    keywords = {Classifier ensemble, Credit scoring, Finance}
}

@article{Chi2012AModel,
    title = {{A hybrid approach to integrate genetic algorithm into dual scoring model in enhancing the performance of credit scoring model}},
    year = {2012},
    journal = {Expert Systems with Applications},
    author = {Chi, Bo-Wen and Hsu, Chiun-Chieh},
    number = {3},
    pages = {2650--2661},
    volume = {39},
    doi = {10.1016/j.eswa.2011.08.120},
    issn = {09574174}
}

@article{Hsieh2004AnCustomers,
    title = {{An integrated data mining and behavioral scoring model for analyzing bank customers}},
    year = {2004},
    journal = {Expert Systems with Applications},
    author = {Hsieh, Nan-Chen},
    number = {4},
    pages = {623--633},
    volume = {27},
    doi = {10.1016/j.eswa.2004.06.007},
    issn = {09574174}
}

@article{Leigh2002ForecastingSupport,
    title = {{Forecasting the NYSE composite index with technical analysis, pattern recognizer, neural network, and genetic algorithm: a case study in romantic decision support}},
    year = {2002},
    journal = {Decision Support Systems},
    author = {Leigh, William and Purvis, Russell and Ragusa, James M.},
    number = {4},
    pages = {361--377},
    volume = {32},
    doi = {10.1016/S0167-9236(01)00121-X},
    issn = {01679236}
}

@article{Lam2004NeuralAnalysisb,
    title = {{Neural network techniques for financial performance prediction: integrating fundamental and technical analysis}},
    year = {2004},
    journal = {Decision Support Systems},
    author = {Lam, Monica},
    number = {4},
    pages = {567--581},
    volume = {37},
    doi = {10.1016/S0167-9236(03)00088-5},
    issn = {01679236}
}

@article{Lacher1995AFirm,
    title = {{A neural network for classifying the financial health of a firm}},
    year = {1995},
    journal = {European Journal of Operational Research},
    author = {Lacher, R.C. and Coats, Pamela K. and Sharma, Shanker C. and Fant, L.Franklin},
    number = {1},
    pages = {53--65},
    volume = {85},
    publisher = {North-Holland},
    doi = {10.1016/0377-2217(93)E0274-2},
    issn = {03772217}
}

@article{Tkac2016ArtificialResearch,
    title = {{Artificial neural networks in business: Two decades of research}},
    year = {2016},
    journal = {Applied Soft Computing},
    author = {Tk{\'{a}}{\v{c}}, Michal and Verner, Robert},
    pages = {788--804},
    volume = {38},
    doi = {10.1016/j.asoc.2015.09.040},
    issn = {15684946}
}

@inproceedings{Namvar2010ASegmentation,
    title = {{A Two Phase Clustering Method for Intelligent Customer Segmentation}},
    year = {2010},
    booktitle = {2010 International Conference on Intelligent Systems, Modelling and Simulation},
    author = {Namvar, Morteza and Gholamian, Mohammad R. and KhakAbi, Sahand},
    month = {1},
    pages = {215--219},
    publisher = {IEEE},
    url = {http://ieeexplore.ieee.org/document/5416093/},
    isbn = {978-1-4244-5984-1},
    doi = {10.1109/ISMS.2010.48}
}

@article{Tan2011StockLearning,
    title = {{Stock trading with cycles: A financial application of ANFIS and reinforcement learning}},
    year = {2011},
    journal = {Expert Systems with Applications},
    author = {Tan, Zhiyong and Quek, Chai and Cheng, Philip Y.K.},
    number = {5},
    pages = {4741--4755},
    volume = {38},
    doi = {10.1016/j.eswa.2010.09.001},
    issn = {09574174}
}

@article{Fernandez2007PortfolioNetworks,
    title = {{Portfolio selection using neural networks}},
    year = {2007},
    journal = {Computers {\&} Operations Research},
    author = {Fern{\'{a}}ndez, Alberto and G{\'{o}}mez, Sergio},
    number = {4},
    pages = {1177--1191},
    volume = {34},
    doi = {10.1016/j.cor.2005.06.017},
    issn = {03050548}
}

@article{SensitivityEconomica,
    title = {{Sensitivity Analysis based on Artificial Neural Networks for Evaluating Economica}}
}

@article{Huang2005ForecastingMachine,
    title = {{Forecasting stock market movement direction with support vector machine}},
    year = {2005},
    journal = {Computers {\&} Operations Research},
    author = {Huang, Wei and Nakamori, Yoshiteru and Wang, Shou-Yang},
    number = {10},
    pages = {2513--2522},
    volume = {32},
    doi = {10.1016/j.cor.2004.03.016},
    issn = {03050548},
    keywords = {Forecasting, Multivariate classification, Support vector machine}
}

@article{BangNewPolicy,
    title = {{New Tools for Predicting Economic Growth Using Machine Learning : A Guide for Theory and Policy}},
    author = {Bang, James T and Sen, Tinni}
}

@article{CharlesSchwab2009InvestorQuestionnaire,
    title = {{Investor Profile Questionnaire}},
    year = {2009},
    author = {{Charles Schwab}},
    pages = {1--5},
    isbn = {8475909191}
}

@misc{UniversityInvestmentQuiz,
    title = {{Investment Risk Tolerance Quiz}},
    author = {University, Rutgers},
    url = {http://njaes.rutgers.edu:8080/money/riskquiz/}
}

@misc{WellsFargoWellsQuiz,
    title = {{Wells Fargo's Risk Tolerance Quiz}},
    author = {{Wells Fargo}},
    url = {https://www.wellsfargo.com/downloads/pdf/retirementplan/solutions/Risk_Tolerance_Quiz.pdf}
}

@article{Canner1997AnPuzzle,
    title = {{An Asset Allocation Puzzle}},
    year = {1997},
    journal = {American Economic Review},
    author = {Canner, Niko and Mankiw, N. Gregory and Weil, David N.},
    number = {1},
    pages = {181--191},
    volume = {87},
    isbn = {00028282},
    doi = {10.2307/2950861},
    issn = {00028282}
}

@article{Kohonen1990TheMap,
    title = {{The self-organizing map}},
    year = {1990},
    journal = {Proceedings of the IEEE},
    author = {Kohonen, T.},
    number = {9},
    pages = {1464--1480},
    volume = {78},
    isbn = {0018-9219},
    doi = {10.1109/5.58325},
    issn = {0018-9219},
    pmid = {21447162}
}

@misc{JupyterJupyterNotebook,
    title = {{Jupyter Notebook}},
    author = {{Jupyter}},
    url = {http://jupyter.org/}
}

@misc{GoogleGooglehttps://cloud.google.com/,
    title = {{Google Cloud Computing, Hosting Services and APIs - [https://cloud.google.com/]}},
    author = {{Google}},
    url = {https://cloud.google.com/}
}

@article{1999AnDiscovery,
    title = {{An overview of regression techniques for knowledge discovery*}},
    year = {1999},
    journal = {The Knowledge Engineering Review},
    pages = {319--340},
    volume = {144}
}

@article{Jeong2016RandomPredictions,
    title = {{Random forests for global and regional crop yield predictions}},
    year = {2016},
    journal = {PLoS ONE},
    author = {Jeong, Jig Han and Resop, Jonathan P. and Mueller, Nathaniel D. and Fleisher, David H. and Yun, Kyungdahm and Butler, Ethan E. and Timlin, Dennis J. and Shim, Kyo Moon and Gerber, James S. and Reddy, Vangimalla R. and Kim, Soo Hyung},
    isbn = {2016670122520},
    doi = {10.1371/journal.pone.0156571},
    issn = {19326203}
}

@article{Jeong2016RandomPredictionsb,
    title = {{Random forests for global and regional crop yield predictions}},
    year = {2016},
    journal = {PLoS ONE},
    author = {Jeong, Jig Han and Resop, Jonathan P. and Mueller, Nathaniel D. and Fleisher, David H. and Yun, Kyungdahm and Butler, Ethan E. and Timlin, Dennis J. and Shim, Kyo Moon and Gerber, James S. and Reddy, Vangimalla R. and Kim, Soo Hyung},
    isbn = {2016670122520},
    doi = {10.1371/journal.pone.0156571},
    issn = {19326203}
}

@article{Guyon2003AnSelection,
    title = {{An Introduction to Variable and Feature Selection}},
    year = {2003},
    journal = {Journal of Machine Learning Research},
    author = {Guyon, Isabelle and Elisseeff, André and De, Andre@tuebingen Mpg},
    pages = {1157--1182},
    volume = {3},
    keywords = {QSAR, Variable selection, bioinformatics, clustering, computational biology, feature selection, filters, gene expression, genomics, information retrieval, information theory, microarray, model selection, pattern discov-ery, proteomics, space dimensionality reduction, statistical testing, support vector machines, text classification, wrappers}
}

@article{MurthyKPredictionEnvironment,
    title = {{Prediction Based Dynamic Configuration of Virtual Machines in Cloud Environment}},
    author = {Murthy K, Mohan M and Patel, Yasser and A, Sanjay H and Noorul Ameen, Mohd},
    keywords = {-Cloud Computing, Hypervisors, Prediction, Virtual Machines, Virtualization, Xen Cloud Platform}
}

@article{Masaeli2010FromSelection,
    title = {{From Transformation-Based Dimensionality Reduction to Feature Selection}},
    year = {2010},
    journal = {Computer Aided Diagnosis and Therapy},
    author = {Masaeli, Mahdokht and Fung, Glenn and Dy, Jennifer G},
    pages = {751--758},
    url = {http://machinelearning.wustl.edu/mlpapers/paper_files/icml2010_MasaeliFD10.pdf}
}

@article{Zhu2008PredictingHorizons,
    title = {{Predicting stock index increments by neural networks: The role of trading volume under different horizons}},
    year = {2008},
    journal = {Expert Systems with Applications},
    author = {Zhu, Xiaotian and Wang, Hong and Xu, Li and Li, Huaizu},
    isbn = {0957-4174},
    doi = {10.1016/j.eswa.2007.06.023},
    issn = {09574174},
    keywords = {Component-based neural networks, Financial forecasting, Stock trading volume}
}

@article{Yu2004EfficientRedundancy,
    title = {{Efficient Feature Selection via Analysis of Relevance and Redundancy}},
    year = {2004},
    journal = {Journal of Machine Learning Research},
    author = {Yu, Lei and Liu, Huan},
    pages = {1205--1224},
    volume = {5},
    url = {http://portal.acm.org/citation.cfm?id=1044700},
    keywords = {feature selection, high dimensionality, redundancy, relevance, relevancy, supervised learning}
}

@article{Sanchez-Garcia2016AnScenarios,
    title = {{An Intelligent Strategy for Tactical Movements of UAVs in Disaster Scenarios}},
    year = {2016},
    journal = {International Journal of Distributed Sensor Networks},
    author = {Sanchez-Garcia, J. and Garcia-Campos, J. M. and Toral, S. L. and Reina, D. G. and Barrero, F.},
    volume = {2016},
    doi = {10.1155/2016/8132812},
    issn = {15501477}
}

@article{Reina2014ImprovingDistance,
    title = {{Improving discovery phase of reactive ad hoc routing protocols using Jaccard distance}},
    year = {2014},
    journal = {Journal of Supercomputing},
    author = {Reina, D. G. and Toral, S. L. and Johnson, P. and Barrero, F.},
    number = {1},
    pages = {131--152},
    volume = {67},
    doi = {10.1007/s11227-013-0992-x},
    issn = {09208542},
    keywords = {Dissimilarity factor, Flooding, Jaccard distance, MANETs, Probabilistic Broadcast, Routing protocols}
}

@article{Wagstaff2001ConstrainedKnowledge,
    title = {{Constrained K-means Clustering with Background Knowledge}},
    year = {2001},
    author = {Wagstaff, Kiri and Cardie, Claire and Rogers, Seth and Schroedl, Stefan},
    pages = {577--584}
}

@article{Mcbride2016RetoolingLearning,
    title = {{Retooling Poverty Targeting Using Out-of-Sample Validation and Machine Learning}},
    year = {2016},
    author = {Mcbride, Linden and Nichols, Austin}
}

@misc{Markham2014SimpleTerminology,
    title = {{Simple guide to confusion matrix terminology}},
    year = {2014},
    author = {Markham, Kevin},
    url = {http://www.dataschool.io/simple-guide-to-confusion-matrix-terminology/}
}

@misc{deRuiter2015PerformanceBlog,
    title = {{Performance measures in Azure ML: Accuracy, Precision, Recall and F1 Score. – Andreas De Ruiter's BI blog}},
    year = {2015},
    author = {de Ruiter, Andreas},
    url = {https://blogs.msdn.microsoft.com/andreasderuiter/2015/02/09/performance-measures-in-azure-ml-accuracy-precision-recall-and-f1-score/}
}

@article{DeGemmisPreferenceSystems,
    title = {{Preference Learning in Recommender Systems}},
    author = {De Gemmis, Marco and Iaquinta, Leo and Lops, Pasquale and Musto, Cataldo and Narducci, Fedelucio and Semeraro, Giovanni}
}

@article{Musto2015PersonalizedStrategies,
    title = {{Personalized finance advisory through case-based recommender systems and diversification strategies}},
    year = {2015},
    author = {Musto, Cataldo and Semeraro, Giovanni and Lops, Pasquale and De Gemmis, Marco and Lekkas, Georgios},
    doi = {10.1016/j.dss.2015.06.001},
    keywords = {Case-based reasoning, Diversity, Finance, Investment portfolios, Personalization, Recommender systems}
}

@misc{AdabankahPriceCentral,
    title = {{Price Optimisation Using Decision Tree (Regression Tree) - Machine Learning - Data Science Central}},
    author = {Adabankah, Bernard},
    url = {http://www.datasciencecentral.com/profiles/blogs/price-optimisation-using-decision-tree-regression-tree}
}

@article{Melville2004CreatingData,
    title = {{Creating diversity in ensembles using artificial data}},
    year = {2004},
    author = {Melville, Prem and Mooney, Raymond J},
    doi = {10.1016/j.inffus.2004.04.001},
    keywords = {Artificial data, Bagging, Boosting, Decision trees, Random Forests}
}

@article{XieTransferMapping,
    title = {{Transfer Learning from Deep Features for Remote Sensing and Poverty Mapping}},
    author = {Xie, Michael and Jean, Neal and Burke, Marshall and Lobell, David and Ermon, Stefano}
}

@article{Pedregosa2011Scikit-learn:Python,
    title = {{Scikit-learn: Machine Learning in Python}},
    year = {2011},
    journal = {Journal of Machine Learning Research},
    author = {Pedregosa, F and Varoquaux, G and Gramfort, A and Michel, V. and Thirion, B and Grisel, O and Blondel, M and Prettenhofer, P. and Weiss, R and Dubourg, V and Vanderplas, J and Passos, A and Cournapeau, D and Brucher, M and Perrot, M and Duchesnay, E},
    pages = {2825--2830},
    volume = {12}
}

@article{Blake1998UCICalifornia,
    title = {{UCI Repository of machine learning databases [http://archive.ics.uci.edu/ml/]. Irvine, CA: University of California}},
    year = {1998},
    journal = {Department of Information and computer science},
    author = {Blake, C L and Merz, Christopher J},
    volume = {55},
    url = {http://archive.ics.uci.edu/ml/}
}

@article{Blake1998UCICaliforniab,
    title = {{UCI Repository of machine learning databases [http://www. ics. uci. edu/{\~{}} mlearn/MLRepository. html]. Irvine, CA: University of California}},
    year = {1998},
    journal = {Department of Information and computer science},
    author = {Blake, C L and Merz, Christopher J},
    volume = {55}
}

@misc{MicrosoftMicrosofthttp://azure.micosoft.com,
    title = {{Microsoft Azure: Cloud Computing Platform {\&}amp; Services [http://azure.micosoft.com]}},
    author = {{Microsoft}},
    url = {https://azure.microsoft.com/en-us/}
}

@article{Strack2004ReflectiveBehavior.,
    title = {{Reflective and impulsive determinants of social behavior.}},
    year = {2004},
    journal = {Personality and social psychology review : an official journal of the Society for Personality and Social Psychology, Inc},
    author = {Strack, Fritz and Deutsch, Roland},
    number = {3},
    pages = {220--247},
    volume = {8}
}

@article{Stone1996ManagingManagement,
    title = {{Managing the change from marketing planning to customer relationship management}},
    year = {1996},
    journal = {Long Range Planning},
    author = {Stone, Merlin and Woodcock, Neil and Wilson, Muriel},
    number = {5},
    pages = {675--683},
    volume = {29},
    isbn = {0024-6301},
    doi = {10.1016/0024-6301(96)00061-1},
    issn = {00246301}
}

@article{Kuo2006AnIndicators,
    title = {{An ETF Trading Decision Support System by Using Neural Network and Technical Indicators}},
    year = {2006},
    journal = {The 2006 IEEE International Joint Conference on Neural Network Proceedings},
    author = {Kuo, Mu-Hsing and Chen, Chin-Lung},
    pages = {2394--2401},
    isbn = {0-7803-9490-9},
    doi = {10.1109/IJCNN.2006.247064},
    issn = {10987576}
}

@article{Kuo2006AnIndicatorsb,
    title = {{An ETF Trading Decision Support System by Using Neural Network and Technical Indicators}},
    year = {2006},
    journal = {The 2006 IEEE International Joint Conference on Neural Network Proceedings},
    author = {Kuo, Mu-Hsing and Chen, Chin-Lung},
    pages = {2394--2401},
    isbn = {0-7803-9490-9},
    doi = {10.1109/IJCNN.2006.247064},
    issn = {10987576}
}

@article{Huang2013SurveyComputing1,
    title = {{Survey on resource allocation policy and job scheduling algorithms of cloud computing1}},
    year = {2013},
    journal = {Journal of Software},
    author = {Huang, Lu and Chen, Hai Shan and Hu, Ting Ting},
    number = {2},
    pages = {480--487},
    volume = {8},
    isbn = {1796-217X},
    doi = {10.4304/jsw.8.2.480-487},
    issn = {1796217X},
    keywords = {Ant colony algorithm, Cloud computing, Genetic algorithm, Job scheduling, Resource allocation}
}

@article{Patel2013SurveyComputing,
    title = {{Survey on Resource Allocation Strategies in Cloud Computing}},
    year = {2013},
    journal = {International Journal of Engineering Research Technology IJERT},
    author = {Patel, Ronak and Patel, Sanjay},
    number = {2},
    pages = {1--5},
    volume = {2},
    doi = {10.9790/0661-162194101},
    issn = {22788727},
    keywords = {cloud computing, dynamic resource allocation, resource management, resource scheduling}
}

@article{Rodriguez2016AEnvironments,
    title = {{A taxonomy and survey on scheduling algorithms for scientific workflows in IaaS cloud computing environments}},
    year = {2016},
    journal = {Concurrency and Computation: Practice and Experience},
    author = {Rodriguez, Maria Alejandra and Buyya, Rajkumar},
    pages = {1--32},
    url = {http://doi.wiley.com/10.1002/cpe.4041},
    doi = {10.1002/cpe.4041},
    issn = {15320626},
    keywords = {IaaS cloud, resource provisioning, scheduling, scientific workflow, survey, taxonomy}
}

@article{Manvi2014ResourceSurvey,
    title = {{Resource management for Infrastructure as a Service (IaaS) in cloud computing: A survey}},
    year = {2014},
    journal = {Journal of Network and Computer Applications},
    author = {Manvi, Sunilkumar S. and Krishna Shyam, Gopal},
    number = {1},
    pages = {424--440},
    volume = {41},
    publisher = {Elsevier},
    url = {http://dx.doi.org/10.1016/j.jnca.2013.10.004},
    isbn = {1084-8045},
    doi = {10.1016/j.jnca.2013.10.004},
    issn = {10958592},
    keywords = {Cloud computing, Resource management}
}

@article{Chen2006AutonomicServers,
    title = {{Autonomic Provisioning of Backend Databases in Dynamic Content Web Servers}},
    year = {2006},
    journal = {2006 IEEE International Conference on Autonomic Computing},
    author = {Chen, Jin and Soundararajan, G. and Amza, C.},
    pages = {231--242},
    url = {http://ieeexplore.ieee.org/lpdocs/epic03/wrapper.htm?arnumber=1662403},
    isbn = {1-4244-0175-5},
    doi = {10.1109/ICAC.2006.1662403},
    issn = {1-4244-0175-5}
}

@article{Hussain2013ASystems,
    title = {{A survey on resource allocation in high performance distributed computing systems}},
    year = {2013},
    journal = {Parallel Computing},
    author = {Hussain, Hameed and Malik, Saif Ur Rehman and Hameed, Abdul and Khan, Samee Ullah and Bickler, Gage and Min-Allah, Nasro and Qureshi, Muhammad Bilal and Zhang, Limin and Yongji, Wang and Ghani, Nasir and Kolodziej, Joanna and Zomaya, Albert Y. and Xu, Cheng Zhong and Balaji, Pavan and Vishnu, Abhinav and Pinel, Fredric and Pecero, Johnatan E. and Kliazovich, Dzmitry and Bouvry, Pascal and Li, Hongxiang and Wang, Lizhe and Chen, Dan and Rayes, Ammar},
    number = {11},
    pages = {709--736},
    volume = {39},
    publisher = {Elsevier B.V.},
    url = {http://dx.doi.org/10.1016/j.parco.2013.09.009},
    isbn = {0167-8191},
    doi = {10.1016/j.parco.2013.09.009},
    issn = {01678191},
    keywords = {Resource allocation, Resource management, Scheduling}
}

@article{Journal2015ResourceNetwork,
    title = {{Resource allocation algorithm based on hybrid particle swarm optimization for multiuser cognitive OFDM network}},
    year = {2015},
    journal = {The Journal of Supercomputing},
    author = {Journal, International and Technological, For and Khan, Shabnam and Science, Computer and Tian, Wenhong and Xu, Minxian and Chen, Aiguo and Li, Guozhong and Wang, Xingwei Xueyi Xinyang and Chen, Yu and Wang, Xingwei Xueyi Xinyang and Che, Hao and Member, Senior Student and Li, Keqin and Huang, Min and Gao, Chengxi and Patel, Ronak and Patel, Sanjay and Samimi, Parnia and Teimouri, Youness and Mukhtar, Muriati and Ye, Hong and Nathani, Amit and Chaudhary, Sanjay and Somani, Gaurav and Malhotra, Rahul and Jain, Prince and Ergu, Daji and Kou, Gang and Peng, Yi and Shi, Yu Yong and Shi, Yu Yong and Nelapati, PK and Bode, P and Mashayekhy, Lena and Member, Senior Student and Nejad, Mahyar Movahed and Member, Senior Student and {DFG} and {NSF} and S, Koti Reddy and Rao, Ch Subba and College, Quba and Nguyen, Nhan and Hasan Khan, Mohammad Maifi and Bhattacharjee, Utpal and Hills, Rono and Pradesh, Arunachal and Wang, Zhanjie and Su, Xianxian and Pillai, P S and Rao, S and Vakilinia, Shahin and Ali, Mustafa Mehmet and Qiu, Dongyu and Xiao, Z and Song, W and Chen, Q and Wickremasinghe, Bhathiya and Calheiros, Rodrigo N. RN and Buyya, Rajkumar and Mustafa, Saad and Nazir, Babar and Hayat, Amir and Khan, Atta Ur Rehman and Madani, Sajjad a. and Shelke, Rupali and Rajani, R and Jennings, Brendan and Stadler, Rolf and Xu, Lei and Wang, Jun and Li, Ya-ping and Li, Qianmu and Zhang, Xiaofei and Calheiros, Rodrigo N. RN and Ranjan, R and Pandya, PP and Bheda, HA and Espadas, J and Molina, A and Jim{\'{e}}nez, G},
    number = {3},
    pages = {1--12},
    volume = {2},
    url = {http://www.sciencedirect.com/science/article/pii/S0167739X1100210X%5Cnhttp://ijarcsms.com/docs/paper/volume2/issue1/V2I1-0119.pdf%5Cnhttp://onlinelibrary.wiley.com/doi/10.1002/spe.995/pdf%5Cnhttp://linkinghub.elsevier.com/retrieve/pii/S0957417415003322%5C},
    isbn = {9783901882760},
    doi = {10.1007/s10922-014-9307-7},
    issn = {0920-8542},
    keywords = {"ijert", - cloud computing, Cloud computing, DDDAS, Data centers, Modeling, Non-equilibrium statistical mechanics method, Performance evaluation, Queuing systems, Resource allocatio, Resource allocation, Resource management, Resource scheduling, Scheduling, Simulation, Simulators for Cloud computing, Survey, Virtualization, WSNs, abbreviations, aef, affinity grouping, allocation, allocation {\'{a}} resource management, analytic hierarchy process, automatic emulation framework, cloud computing, cloud computing environment, cloud computing {\'{a}} resource, cloud services, cloud simulators, cloudanalyst, cloudsim, coalition formation, cognitive ofdm network, consistency, d, data center, dc, dynamic resource allocation, emusim, ergu, fuzzy, g, game theory, greencloud, high-throughput computing, iaas, induced bias matrix, infrastructure, kou, map, map reduce, mdcsim, names, nephele, network simulator 2, networkcloud, ns2, ordered by their last, overload avoidance, parallel data processing, peng, ratio, resource, resource allocation, resource management, resource scheduling, resource-allocation, shi, skewness, task level, task scheduling, the authors are alphabetically, uncertainty principle, virtual cluster, virtual machine, virtualization, virtualization {\'{a}} survey, vm, vm packing, y, {\'{a}}}
}

@article{Jiao2016SmoothedNetworks,
    title = {{Smoothed Online Resource Allocation in Multi-tier Distributed Cloud Networks}},
    year = {2016},
    journal = {Proceedings - 2016 IEEE 30th International Parallel and Distributed Processing Symposium, IPDPS 2016},
    author = {Jiao, Lei and Tulino, Antonia and Llorca, Jaime and Jin, Yue and Sala, Alessandra},
    pages = {333--342},
    isbn = {9781509021406},
    doi = {10.1109/IPDPS.2016.35},
    keywords = {Cloud computing, Online optimization, Reconfiguration, Regularization, Resource allocation}
}

@article{Salot2013AEnvironment,
    title = {{A Survey Of Various Scheduling Algorithm In Cloud Computing Environment}},
    year = {2013},
    journal = {International Journal of Research in Engineering{\&} Technology (IJRET)},
    author = {Salot, Pinal},
    number = {2},
    pages = {131--135},
    volume = {2}
}

@article{BuyyaModelingOpportunities,
    title = {{Modeling and Simulation of Scalable Cloud Computing Environments and the CloudSim Toolkit: Challenges and Opportunities}},
    author = {Buyya, Rajkumar and Ranjan, Rajiv and Calheiros, Rodrigo N}
}

@misc{TheCloudbus,
    title = {{The CLOUDS Lab: Flagship Projects - Gridbus and Cloudbus}},
    url = {http://cloudbus.org/cloudsim/}
}

@article{Calheiros2011CloudSim:Algorithms,
    title = {{CloudSim: a toolkit for modeling and simulation of cloud computing environments and evaluation of resource provisioning algorithms}},
    year = {2011},
    journal = {Pract. Exper},
    author = {Calheiros, Rodrigo N and Ranjan, Rajiv and Beloglazov, Anton and De Rose, César A F and Buyya, Rajkumar},
    pages = {23--50},
    volume = {41},
    doi = {10.1002/spe.995},
    keywords = {Cloud computing, application scheduling, modelling and simulation, performance evaluation, resource manage-ment}
}

@article{TangAnEnvironment,
    title = {{An Energy-Efficient Task Scheduling Algorithm in DVFS-enabled Cloud Environment}},
    author = {Tang, Zhuo and Qi, Ling and Cheng, Zhenzhen and Li, Kenli and {Samee} and Khan, U and Li, Keqin and Tang, Z and Qi, L and Cheng, Z and Li, K L and Li, K Q and Li, K and Khan, S U},
    doi = {10.1007/s10723-015-9334-y},
    keywords = {Cloud computing {\textperiodcentered} DVFS {\textperiodcentered}, Energy saving scheduling {\textperiodcentered}, Heterogeneous {\textperiodcentered}, Heuristic algorithm}
}

@article{Beloglazov2012Energy-awareComputing,
    title = {{Energy-aware resource allocation heuristics for efficient management of data centers for Cloud computing}},
    year = {2012},
    journal = {Future Generation Computer Systems},
    author = {Beloglazov, Anton and Abawajy, Jemal and Buyya, Rajkumar},
    isbn = {0167-739X},
    doi = {10.1016/j.future.2011.04.017},
    issn = {0167739X},
    pmid = {71892677},
    keywords = {Cloud computing, Dynamic consolidation, Energy efficiency, Green IT, Resource management, Virtualization}
}

@article{SupercomputEnergySystems,
    title = {{Energy efficient utilization of resources in cloud computing systems}},
    author = {Supercomput, J and Lee, Young Choon and Zomaya, Albert Y and Lee, Y C and Zomaya, A Y},
    doi = {10.1007/s11227-010-0421-3},
    keywords = {Cloud computing {\textperiodcentered}, Energy aware computing {\textperiodcentered}, Load balancing {\textperiodcentered}, Scheduling}
}

@article{HindmanMesos:Center,
    title = {{Mesos: A Platform for Fine-Grained Resource Sharing in the Data Center}},
    author = {Hindman, Benjamin and Konwinski, Andy and Zaharia, Matei and Ghodsi, Ali and Joseph, Anthony D and Katz, Randy and Shenker, Scott and Stoica, Ion}
}

@article{IsardQuincy:Clusters,
    title = {{Quincy: Fair Scheduling for Distributed Computing Clusters}},
    author = {Isard, Michael and Prabhakaran, Vijayan and Currey, Jon and Wieder, Udi and Talwar, Kunal and Goldberg, Andrew},
    keywords = {Design, Performance}
}

@article{94-103,
    title = {{94-103}}
}

@article{IlavarasanE.2007LowEnvironments,
    title = {{Low complexity performance effective task scheduling algorithm for heterogeneous computing environments}},
    year = {2007},
    journal = {Computer sciences},
    author = {Ilavarasan, E., P. Thambidurai.}
}

@article{Piraghaj2010ContainerCloudSim:Centers,
    title = {{ContainerCloudSim: An Environment for Modeling and Simulation of Containers in Cloud Data Centers}},
    year = {2010},
    journal = {Pract. Exper},
    author = {Piraghaj, Sareh Fotuhi and Dastjerdi, Amir Vahid and Calheiros, Rodrigo N and Buyya, Rajkumar},
    pages = {1--17},
    volume = {00},
    doi = {10.1002/spe},
    keywords = {Cloud Computing, Container as a Service (CaaS), Containerized Clouds, Simulation}
}

@article{Singh2016AChallenges,
    title = {{A Survey on Resource Scheduling in Cloud Computing: Issues and Challenges}},
    year = {2016},
    journal = {Journal of Grid Computing},
    author = {Singh, Sukhpal and Chana, Inderveer},
    number = {2},
    month = {6},
    pages = {217--264},
    volume = {14},
    url = {http://link.springer.com/10.1007/s10723-015-9359-2},
    isbn = {1570-7873},
    doi = {10.1007/s10723-015-9359-2},
    issn = {1570-7873},
    keywords = {Cloud computing, Cloud resource scheduling, Cloud workloads, Resource distribution policies, Resource management, Resource provisioning, Resource scheduling algorithms, Resource scheduling aspects, Resource scheduling tools}
}

@inproceedings{Vijindra2012SurveyComputing,
    title = {{Survey on scheduling issues in cloud computing}},
    year = {2012},
    booktitle = {Procedia Engineering},
    author = {{Vijindra} and Shenai, Sudhir},
    pages = {2881--2888},
    volume = {38},
    doi = {10.1016/j.proeng.2012.06.337},
    issn = {18777058},
    keywords = {Cloud computing, Grid, Scheduling, Workflows}
}

@article{Jiang2011NondominatedClouds,
    title = {{Nondominated local coteries for resource allocation in grids and clouds}},
    year = {2011},
    journal = {Information Processing Letters},
    author = {Jiang, Jehn Ruey},
    number = {8},
    pages = {379--384},
    volume = {111},
    publisher = {Elsevier B.V.},
    url = {http://dx.doi.org/10.1016/j.ipl.2011.01.008},
    doi = {10.1016/j.ipl.2011.01.008},
    issn = {00200190},
    keywords = {Coteries, Distributed computing, Mutual exclusion, Nondomination, Quorums, Resource allocation}
}

@article{Prodan2011DoubleEnvironments,
    title = {{Double Auction-based Scheduling of Scientific Applications in Distributed Grid and Cloud Environments}},
    year = {2011},
    journal = {Journal of Grid Computing},
    author = {Prodan, Radu and Wieczorek, Marek and Fard, Hamid Mohammadi},
    number = {4},
    pages = {531--548},
    volume = {9},
    isbn = {1570-7873},
    doi = {10.1007/s10723-011-9196-x},
    issn = {15707873},
    keywords = {Distributed Grid/Cloud computing, Double auctions, Market model, Resource management, Scheduling}
}

@article{Lin2010DynamicAllocation,
    title = {{Dynamic auction mechanism for cloud resource allocation}},
    year = {2010},
    journal = {CCGrid 2010 - 10th IEEE/ACM International Conference on Cluster, Cloud, and Grid Computing},
    author = {Lin, Wei Yu and Lin, Guan Yu and Wei, Hung Yu},
    pages = {591--592},
    isbn = {9781424469871},
    doi = {10.1109/CCGRID.2010.92}
}

@article{Assuncao2006AnEnvironments,
    title = {{An evaluation of communication demand of auction protocols in grid environments}},
    year = {2006},
    journal = {3rd International Workshop on Grid},
    author = {Assuncao, MD De},
    number = {ii},
    pages = {1--10},
    url = {http://books.google.com/books?hl=en&amp;lr=&amp;id=M0c1qaTt4TIC&amp;oi=fnd&amp;pg=PA24&amp;dq=AN+EVALUATION+OF+COMMUNICATION+DEMAND+OF+AUCTION+PROTOCOLS+IN+GRID+ENVIRONMENTS&amp;ots=OVlr8nmMPm&amp;sig=z7Sp4MAbTzFWOsV7UTwSX06Jz8k}
}

@misc{PlanetlabTraces,
    title = {{Planetlab workload Traces}},
    url = {https://github.com/beloglazov/planetlab-workload-traces}
}

@article{Huang2013AnUtilization,
    title = {{An energy efficient virtual machine placement algorithm with balanced resource utilization}},
    year = {2013},
    journal = {Proceedings - 7th International Conference on Innovative Mobile and Internet Services in Ubiquitous Computing, IMIS 2013},
    author = {Huang, Wei and Li, Xin and Qian, Zhuzhong},
    pages = {313--319},
    isbn = {9780769549743},
    doi = {10.1109/IMIS.2013.59}
}

@article{WangOptimizingAlgorithm,
    title = {{Optimizing Makespan and Reliability for Workflow Applications with Reputation and Look-ahead Genetic Algorithm}},
    author = {Wang, Xiaofeng and Yeo, Chee Shin and Buyya, Rajkumar and Su, Jinshu},
    url = {http://www.cloudbus.org/papers/TrustedWorkflowScheduling-FGCS2011.pdf},
    keywords = {genetic algorithm, heuristic, reliability, reputation, workflow scheduling}
}

@article{KimUnderstandingTestbeds,
    title = {{Understanding and Characterizing PlanetLab Resource Usage for Federated Network Testbeds}},
    author = {Kim, Wonho and Roopakalu, Ajay and Li, Katherine Y and Pai, Vivek S},
    url = {http://conferences.sigcomm.org/imc/2011/docs/p515.pdf},
    keywords = {Characterization, Design, Design studies, Network Testbeds, Perfor-mance attributes General Terms Measurement, Performance Keywords PlanetLab}
}

@article{Tawfeek2015CloudOptimization,
    title = {{Cloud Task Scheduling Based on Ant Colony Optimization}},
    year = {2015},
    journal = {The International Arab Journal of Information Technology},
    author = {Tawfeek, Medhat and El-Sisi, Ashraf and Keshk, Arabi and Torkey, Fawzy},
    number = {2},
    volume = {12},
    keywords = {ACO, Cloud computing, cloudsim, makespan, task scheduling}
}

@misc{Wiggins2012TheHttps://12factor.net/,
    title = {{The Twelve-Factor App - https://12factor.net/}},
    year = {2012},
    booktitle = {Jan 30, 2012},
    author = {Wiggins, Adam},
    url = {https://12factor.net/}
}

@misc{AmazonAWSHttps://aws.amazon.com/lambda,
    title = {{AWS Lambda - Serverless Compute - https://aws.amazon.com/lambda}},
    author = {{Amazon}},
    url = {https://aws.amazon.com/lambda/}
}

@misc{Fowler2016ServerlessHttps://martinfowler.com/articles/serverless.html,
    title = {{Serverless Architectures - https://martinfowler.com/articles/serverless.html}},
    year = {2016},
    author = {Fowler, Martin},
    url = {https://martinfowler.com/articles/serverless.html}
}

@misc{Fowler2015MicroservicesHttps://martinfowler.com/articles/microservices.html,
    title = {{Microservices - https://martinfowler.com/articles/microservices.html}},
    year = {2015},
    author = {Fowler, Martin},
    url = {https://martinfowler.com/articles/microservices.html}
}

@misc{PlanetLabServices,
    title = {{PlanetLab | An open platform for developing, deploying, and accessing planetary-scale services}},
    url = {https://www.planet-lab.org/}
}

@misc{UniversityofMelbourne1971CloudSim:Http://www.cloudbus.org/cloudsim/,
    title = {{CloudSim: A Framework For Modeling and Simulation Of Cloud Computing Infrastructures - http://www.cloudbus.org/cloudsim/}},
    year = {1971},
    author = {{University of Melbourne}},
    publisher = {Wiley Interscience},
    url = {http://www.cloudbus.org/cloudsim/}
}

@misc{TheLinuxFoundationOpenHttps://www.opencontainers.org/about,
    title = {{Open Containers Initiative - https://www.opencontainers.org/about}},
    booktitle = {2016},
    author = {{The Linux Foundation}},
    url = {https://www.opencontainers.org/about}
}

@book{Milgrom2000PuttingWork,
    title = {{Putting Auction Theory to Work}},
    year = {2000},
    booktitle = {Journal of Political Economy},
    author = {Milgrom, Paul Robert},
    number = {2},
    pages = {245--272},
    volume = {108},
    url = {http://books.google.com/books?id=AkeHTU7XW4kC&pgis=1},
    isbn = {0521536723},
    doi = {10.1086/262118},
    issn = {0899-8256, 0899-8256}
}

@article{Tan2007Market-basedAuction,
    title = {{Market-based grid resource allocation using a stable continuous double auction}},
    year = {2007},
    journal = {Grid Computing, 2007 8th IEEE/ACM International Conference on},
    author = {Tan, Zhu and Gurd, J.R.},
    pages = {283--290},
    url = {http://ieeexplore.ieee.org/xpls/abs_all.jsp?arnumber=4354144},
    isbn = {978-1-4244-1559-5},
    doi = {10.1109/GRID.2007.4354144},
    issn = {15505510},
    keywords = {[Electronic Manuscript]}
}

@article{Tan2007Market-basedAuctionb,
    title = {{Market-based grid resource allocation using a stable continuous double auction}},
    year = {2007},
    journal = {Grid Computing, 2007 8th IEEE/ACM International Conference on},
    author = {Tan, Zhu and Gurd, J.R.},
    pages = {283--290},
    url = {http://ieeexplore.ieee.org/xpls/abs_all.jsp?arnumber=4354144},
    isbn = {978-1-4244-1559-5},
    doi = {10.1109/GRID.2007.4354144},
    issn = {15505510},
    keywords = {[Electronic Manuscript]}
}

@article{Bernstein2014ContainersKubernetes,
    title = {{Containers and cloud: From LXC to docker to kubernetes}},
    year = {2014},
    journal = {IEEE Cloud Computing},
    author = {Bernstein, David},
    number = {3},
    pages = {81--84},
    volume = {1},
    isbn = {2325-6095},
    doi = {10.1109/MCC.2014.51},
    issn = {23256095},
    keywords = {cloud, containers, dockers, virtual machines}
}

@misc{LinuxFoundationKubernetesOrchestration,
    title = {{Kubernetes - Production-Grade Container Orchestration}},
    author = {{Linux Foundation}},
    url = {https://kubernetes.io/}
}

@article{Park2006CoMon:PlanetLab,
    title = {{CoMon: a mostly-scalable monitoring system for PlanetLab}},
    year = {2006},
    journal = {ACM SIGOPS Operating Systems Review},
    author = {Park, KyoungSoo and Pai, Vivek S},
    number = {1},
    pages = {65–74},
    volume = {40},
    url = {http://portal.acm.org/citation.cfm?id=1113374&amp;amp;dl=GUIDE&amp;amp;coll=GUIDE&amp;amp;CFID=100791698&amp;amp;CFTOKEN=64217828/},
    doi = {http://doi.acm.org/10.1145/1113361.1113374},
    issn = {0163-5980}
}

@inproceedings{Hendrickson2016ServerlessOpenLambda,
    title = {{Serverless Computation with OpenLambda}},
    year = {2016},
    booktitle = {8th USENIX Workshop on Hot Topics in Cloud Computing (HotCloud '16)},
    author = {Hendrickson, Scott and Sturdevant, Stephen and Harter, Tyler and Venkataramani, Venkateshwaran and Arpaci-Dusseau, Andrea C and Arpaci-Dusseau, Remzi H}
}

@misc{ApacheApachePlatform,
    title = {{Apache OpenWhisk is a serverless, open source cloud platform}},
    author = {{Apache}},
    url = {http://openwhisk.org/}
}

@article{Bugnion1997Disco:Multiprocessors,
    title = {{Disco: Running commodity operating systems on scalable multiprocessors}},
    year = {1997},
    journal = {ACM Transactions on Computer Systems (TOCS)},
    author = {Bugnion, Edouard and Devine, Scott and Govil, Kinshuk and Rosenblum, Mendel},
    number = {4},
    pages = {412--447},
    volume = {15},
    publisher = {ACM}
}

@article{Merkel2014Docker:Deployment,
    title = {{Docker: Lightweight Linux Containers for Consistent Development and Deployment}},
    year = {2014},
    journal = {Linux J.},
    author = {Merkel, Dirk},
    number = {239},
    month = {3},
    volume = {2014},
    publisher = {Belltown Media},
    url = {http://dl.acm.org/citation.cfm?id=2600239.2600241},
    address = {Houston, TX},
    issn = {1075-3583}
}

@article{SchwiegelshohnAnalysisScheduling,
    title = {{Analysis of First-Come-First-Serve Parallel Job Scheduling}},
    author = {Schwiegelshohn, Uwe and Yahyapour, Ramin},
    url = {http://citeseerx.ist.psu.edu/viewdoc/download?doi=10.1.1.72.3616&rep=rep1&type=pdf}
}

@article{Hu2017AHierarchy,
    title = {{A Novel Optimization Strategy for Job Scheduling based on Double Hierarchy}},
    year = {2017},
    journal = {Journal of Engineering Science and Technology Review},
    author = {Hu, Zhuo Huan and Wang, Lu Lu and Lu, Yang and Yang, Mo},
    number = {3},
    pages = {115--120},
    volume = {7},
    keywords = {Cluster, Double Hierarchy, Optimization Strategy, Scheduling Strategy}
}

@misc{SchedulerLatest,
    title = {{Scheduler | Cluster Administration | OpenShift Origin Latest}},
    url = {https://docs.openshift.org/latest/admin_guide/scheduler.html}
}

@misc{vandenBulk2017CloudsimHttps://github.com/hvandenb/cloudsim,
    title = {{Cloudsim Github Repo - https://github.com/hvandenb/cloudsim}},
    year = {2017},
    author = {van den Bulk, Henri},
    url = {https://github.com/hvandenb/cloudsim}
}

@misc{OpenWww.opencompute.org,
    title = {{Open Compute Project - www.opencompute.org}},
    url = {http://www.opencompute.org/}
}

@inproceedings{Oprescu2010Bag-of-tasksConstraints,
    title = {{Bag-of-tasks scheduling under budget constraints}},
    year = {2010},
    booktitle = {Proceedings - 2nd IEEE International Conference on Cloud Computing Technology and Science, CloudCom 2010},
    author = {Oprescu, Ana Maria and Kielmann, Thilo},
    pages = {351--359},
    isbn = {9780769543024},
    doi = {10.1109/CloudCom.2010.32}
}

@article{Kaelbling1996ReinforcementSurvey,
    title = {{Reinforcement Learning: A Survey}},
    year = {1996},
    journal = {Journal of Artiicial Intelligence Research Submitted},
    author = {Kaelbling, Leslie Pack and Littman, Michael L and Moore, Andrew W and Hall, Smith},
    number = {9995},
    pages = {237--285},
    volume = {4}
}

@article{SzegedyIntriguingNetworks,
    title = {{Intriguing properties of neural networks}},
    author = {Szegedy, Christian and Zaremba, Wojciech and Sutskever, Ilya and Bruna, Joan and Erhan, Dumitru and Goodfellow, Ian and Fergus, Rob},
    url = {https://arxiv.org/pdf/1312.6199.pdf}
}

@article{Halevy2009TheData,
    title = {{The Unreasonable Effectiveness of Data}},
    year = {2009},
    author = {Halevy, Alon and Norvig, Peter and Pereira, Fernando}
}

@article{Heaton2016DeepFinance,
    title = {{Deep Learning in Finance}},
    year = {2016},
    author = {Heaton, J B and Polson, N. G. and Witte, J. H.},
    number = {February},
    pages = {1--20},
    arxivId = {1602.06561v2},
    keywords = {artificial intelligence, asset pricing, big data, deep learning, els, finance, lstm mod-, machine learning, volatility}
}

@article{Eldan2015TheNetworks,
    title = {{The Power of Depth for Feedforward Neural Networks}},
    year = {2015},
    author = {Eldan, Ronen and Shamir, Ohad},
    url = {http://arxiv.org/abs/1512.03965},
    arxivId = {1512.03965}
}

@article{Kaiser2017OneAll,
    title = {{One Model To Learn Them All}},
    year = {2017},
    author = {Kaiser, Lukasz and Gomez, Aidan N. and Shazeer, Noam and Vaswani, Ashish and Parmar, Niki and Jones, Llion and Uszkoreit, Jakob},
    url = {http://arxiv.org/abs/1706.05137},
    isbn = {0920-5691},
    doi = {10.1007/s11263-015-0816-y},
    issn = {15731405},
    pmid = {16190471},
    arxivId = {1706.05137}
}

@article{Goodfellow2016NIPSNetworks,
    title = {{NIPS 2016 Tutorial: Generative Adversarial Networks}},
    year = {2016},
    author = {Goodfellow, Ian},
    url = {http://arxiv.org/abs/1701.00160},
    isbn = {1581138285},
    doi = {10.1001/jamainternmed.2016.8245},
    issn = {0253-0465},
    pmid = {15040217},
    arxivId = {1701.00160}
}

@article{Deng2014ALearning,
    title = {{A tutorial survey of architectures, algorithms, and applications for deep learning}},
    year = {2014},
    journal = {APSIPA Transactions on Signal and Information Processing},
    author = {Deng, Li},
    pages = {e2},
    volume = {3},
    url = {http://www.journals.cambridge.org/abstract_S2048770313000097},
    isbn = {2048-7703},
    doi = {10.1017/atsip.2013.9},
    issn = {2048-7703},
    keywords = {Algorithms, Deep learning, Information processing}
}

@misc{Chollet2017TheLearning,
    title = {{The limitations of deep learning}},
    year = {2017},
    booktitle = {blog.keras.io},
    author = {Chollet, Francois},
    url = {https://blog.keras.io/the-limitations-of-deep-learning.html}
}

@misc{PracticalFree,
    title = {{Practical Deep Learning For Coders—18 hours of lessons for free}},
    url = {http://course.fast.ai/about.html http://course.fast.ai/}
}

@article{GoodfellowBengioDeepLearning,
    title = {{Deep learning}},
    journal = {Learning},
    author = {Goodfellow, Bengio, Courville},
    volume = {1},
    url = {https://www.coursera.org/specializations/deep-learning}
}

@article{KleinLEARNINGNETWORKS,
    title = {{LEARNING CURVE PREDICTION WITH BAYESIAN NEU- RAL NETWORKS}},
    author = {Klein, Aaron and Falkner, Stefan and Tobias Springenberg, Jost and Hutter, Frank},
    url = {https://openreview.net/pdf?id=S11KBYclx}
}

@article{KingmaAuto-EncodingBayes,
    title = {{Auto-Encoding Variational Bayes}},
    author = {Kingma, Diederik P and Welling, Max},
    url = {https://arxiv.org/pdf/1312.6114.pdf}
}

@article{RezendeStochasticModels,
    title = {{Stochastic Backpropagation and Approximate Inference in Deep Generative Models}},
    author = {Rezende, Danilo J and Mohamed, Shakir and Wierstra, Daan and DeepMind, Google},
    url = {https://arxiv.org/pdf/1401.4082.pdf}
}

@article{Weng2017ApplicationPrediction,
    title = {{Application of machine learning techniques for stock market prediction}},
    year = {2017},
    author = {Weng, Bin},
    url = {http://etd.auburn.edu/bitstream/handle/10415/5652/Application of machine learning techniques for stock market prediction.pdf?sequence=2&isAllowed=y},
    keywords = {Dimensional reduction, Feature selection, Machining learning, Social media, Stock market, Visual data mining}
}

@misc{DeepLinkedIn,
    title = {{Deep Learning for Stock Price Prediction Explained | Joe Ellsworth | Pulse | LinkedIn}},
    url = {https://www.linkedin.com/pulse/deep-learning-stock-price-prediction-explained-joe-ellsworth}
}

@unpublished{Takeuchi2013ApplyingStocks,
    title = {{Applying Deep Learning to Enhance Momentum Trading Strategies in Stocks}},
    year = {2013},
    author = {Takeuchi, Lawrence and Lee, Yu-Ying (Albert)},
    pages = {5},
    url = {http://cs229.stanford.edu/proj2013/TakeuchiLee-ApplyingDeepLearningToEnhanceMomentumTradingStrategiesInStocks.pdf},
    isbn = {7845005002},
    keywords = {CS229, Stanford, deep learning, machine learning, momentum, stock prices, trading strategies}
}

@article{Tumminello2008CorrelationMarkets,
    title = {{Correlation, hierarchies, and networks in financial markets}},
    year = {2008},
    author = {Tumminello, Michele and Lillo, Fabrizio and Mantegna, Rosario N},
    url = {https://arxiv.org/pdf/0809.4615.pdf},
    arxivId = {arXiv:0809.4615v1},
    keywords = {C32, G10, Kullback-Leibler distance JEL classification, bootstrap validation, correlation based networks, factor models, hierarchical clustering, multivariate analysis}
}

@unpublished{Dai2013MachineForecasting,
    title = {{Machine Learning in Stock Price Trend Forecasting}},
    year = {2013},
    author = {Dai, Yuqing and Zhang, Yuning},
    pages = {1--5},
    url = {http://cs229.stanford.edu/proj2013/DaiZhang-MachineLearningInStockPriceTrendForecasting.pdf}
}

@article{Abdel-HamidExploringRecognition,
    title = {{Exploring Convolutional Neural Network Structures and Optimization Techniques for Speech Recognition}},
    author = {Abdel-Hamid, Ossama and Deng, Li and Yu, Dong},
    url = {https://pdfs.semanticscholar.org/655a/e6f82c24e3e01b2b27c56512b06ba36d49c1.pdf}
}

@article{Hutchinson2012SPECIALNetworks,
    title = {{SPECIAL ISSUE IN LEARNING DEEP ARCHITECTURES, IEEE TPAMI Tensor Deep Stacking Networks}},
    year = {2012},
    author = {Hutchinson, Brian and Deng, Li and Yu, Dong},
    url = {https://www.microsoft.com/en-us/research/wp-content/uploads/2016/02/HutchinsonDengYu-PAMI-2013.pdf},
    doi = {10.1109/TPAMI.2012.268},
    keywords = {Index Terms—Deep learning, MNIST, TIMIT, WSJ, bilinear models, handwriting image classification, phone classification and recognition, stacking networks, tensor}
}

@inproceedings{Lin2003AAlgorithms,
    title = {{A symbolic representation of time series, with implications for streaming algorithms}},
    year = {2003},
    booktitle = {Proceedings of the 8th ACM SIGMOD workshop on Research issues in data mining and knowledge discovery - DMKD '03},
    author = {Lin, Jessica and Keogh, Eamonn and Lonardi, Stefano and Chiu, Bill},
    pages = {2},
    volume = {13},
    url = {http://homepages.abdn.ac.uk/yaji.sripada/pages/teaching/CS4031/information/SAX.pdf http://portal.acm.org/citation.cfm?doid=882082.882086},
    isbn = {978-3-642-41397-1},
    doi = {10.1145/882085.882086},
    issn = {<null>},
    pmid = {25140332},
    arxivId = {1011.1669},
    keywords = {Data Mining, Data Streams, Discretize, Symbolic, Time Series}
}

@misc{Knight2017TheBoxes,
    title = {{The Financial World Wants to Open AI’s Black Boxes}},
    year = {2017},
    author = {Knight, Will},
    url = {https://www.technologyreview.com/s/604122/the-financial-world-wants-to-open-ais-black-boxes/amp/}
}

@article{Eigen2013UnderstandingNetwork,
    title = {{Understanding Deep Architectures using a Recursive Convolutional Network}},
    year = {2013},
    author = {Eigen, David and Rolfe, Jason and Fergus, Rob and LeCun, Yann},
    month = {12},
    url = {http://arxiv.org/abs/1312.1847},
    arxivId = {1312.1847}
}

@article{Makhzani2013K-SparseAutoencoders,
    title = {{k-Sparse Autoencoders}},
    year = {2013},
    author = {Makhzani, Alireza and Frey, Brendan},
    month = {12},
    url = {http://arxiv.org/abs/1312.5663},
    arxivId = {1312.5663}
}

@article{Liu2017AApplications,
    title = {{A survey of deep neural network architectures and their applications}},
    year = {2017},
    journal = {Neurocomputing},
    author = {Liu, Weibo and Wang, Zidong and Liu, Xiaohui and Zeng, Nianyin and Liu, Yurong and Alsaadi, Fuad E.},
    month = {4},
    pages = {11--26},
    volume = {234},
    publisher = {Elsevier},
    url = {http://www.sciencedirect.com/science/article/pii/S0925231216315533},
    doi = {10.1016/j.neucom.2016.12.038},
    issn = {18728286},
    keywords = {Autoencoder, Convolutional neural network, Deep belief network, Deep learning, Restricted Boltzmann machine}
}

@article{Mnih2012ConditionalPrediction,
    title = {{Conditional Restricted Boltzmann Machines for Structured Output Prediction}},
    year = {2012},
    author = {Mnih, Volodymyr and Larochelle, Hugo and Hinton, Geoffrey E.},
    month = {2},
    url = {http://arxiv.org/abs/1202.3748},
    arxivId = {1202.3748}
}

@article{Mathieu2013FastFFTs,
    title = {{Fast Training of Convolutional Networks through FFTs}},
    year = {2013},
    author = {Mathieu, Michael and Henaff, Mikael and LeCun, Yann},
    month = {12},
    url = {http://arxiv.org/abs/1312.5851},
    arxivId = {1312.5851}
}

@article{Tang2012DeepNetworks,
    title = {{Deep Lambertian Networks}},
    year = {2012},
    author = {Tang, Yichuan and Salakhutdinov, Ruslan and Hinton, Geoffrey},
    month = {6},
    url = {http://arxiv.org/abs/1206.6445},
    arxivId = {1206.6445}
}

@article{Zeiler2013StochasticNetworks,
    title = {{Stochastic Pooling for Regularization of Deep Convolutional Neural Networks}},
    year = {2013},
    author = {Zeiler, Matthew D. and Fergus, Rob},
    month = {1},
    url = {http://arxiv.org/abs/1301.3557},
    arxivId = {1301.3557}
}

@article{Ma2017Event-TriggeredSaturations,
    title = {{Event-Triggered Mean-Square Consensus Control for Time-Varying Stochastic Multi-Agent System With Sensor Saturations}},
    year = {2017},
    journal = {IEEE Transactions on Automatic Control},
    author = {Ma, Lifeng and Wang, Zidong and Lam, Hak-Keung},
    number = {7},
    month = {7},
    pages = {3524--3531},
    volume = {62},
    url = {http://ieeexplore.ieee.org/document/7579601/},
    doi = {10.1109/TAC.2016.2614486},
    issn = {0018-9286}
}

@article{Ma2017Mean-SquareCase,
    title = {{Mean-Square {\$}H{\_}{\textbackslash}infty {\$} Consensus Control for a Class of Nonlinear Time-Varying Stochastic Multiagent Systems: The Finite-Horizon Case}},
    year = {2017},
    journal = {IEEE Transactions on Systems, Man, and Cybernetics: Systems},
    author = {Ma, Lifeng and Wang, Zidong and Lam, Hak-Keung},
    number = {7},
    month = {7},
    pages = {1050--1060},
    volume = {47},
    url = {http://ieeexplore.ieee.org/document/7426840/},
    doi = {10.1109/TSMC.2016.2531657},
    issn = {2168-2216}
}

@article{Ma2016DistributedNetworks,
    title = {{Distributed Event-Based Set-Membership Filtering for a Class of Nonlinear Systems With Sensor Saturations Over Sensor Networks}},
    year = {2016},
    journal = {IEEE Transactions on Cybernetics},
    author = {Ma, Lifeng and Wang, Zidong and Lam, Hak-Keung and Kyriakoulis, Nikos},
    pages = {1--12},
    url = {http://ieeexplore.ieee.org/document/7505990/},
    doi = {10.1109/TCYB.2016.2582081},
    issn = {2168-2267}
}

@article{Yuan2016ResilientApproach,
    title = {{Resilient Control of Networked Control System Under DoS Attacks: A Unified Game Approach}},
    year = {2016},
    journal = {IEEE Transactions on Industrial Informatics},
    author = {Yuan, Yuan and Yuan, Huanhuan and Guo, Lei and Yang, Hongjiu and Sun, Shanlin},
    number = {5},
    month = {10},
    pages = {1786--1794},
    volume = {12},
    url = {http://ieeexplore.ieee.org/document/7436791/},
    doi = {10.1109/TII.2016.2542208},
    issn = {1551-3203}
}

@article{Hochreiter1997LONGMEMORY,
    title = {{LONG SHORT-TERM MEMORY}},
    year = {1997},
    journal = {Neural Computation},
    author = {Hochreiter, Sepp and Urgen Schmidhuber, Jj},
    number = {8},
    pages = {1735--1780},
    volume = {9},
    url = {http://www7.informatik.tu-muenchen.de/~hochreit http://www.idsia.ch/~juergen}
}

@misc{Cesium,
    title = {{Cesium}},
    url = {http://cesium-ml.org/}
}

@article{Lipton2015ALearning,
    title = {{A Critical Review of Recurrent Neural Networks for Sequence Learning}},
    year = {2015},
    author = {Lipton, Zachary C and Berkowitz, John and Elkan, Charles},
    url = {https://arxiv.org/pdf/1506.00019.pdf}
}

@article{Prieto2016NeuralChallenges,
    title = {{Neural networks: An overview of early research, current frameworks and new challenges}},
    year = {2016},
    journal = {Neurocomputing},
    author = {Prieto, Alberto and Prieto, Beatriz and Ortigosa, Eva Martinez and Ros, Eduardo and Pelayo, Francisco and Ortega, Julio and Rojas, Ignacio},
    pages = {242--268},
    volume = {214},
    url = {https://ac.els-cdn.com/S0925231216305550/1-s2.0-S0925231216305550-main.pdf?_tid=dacad0de-c1a5-11e7-afce-00000aacb35e&acdnat=1509830554_e2352baa3d9799f4bac1bf4e2aa6b7d0},
    doi = {10.1016/j.neucom.2016.06.014},
    issn = {18728286},
    keywords = {Applications of neural networks, Artificial neural networks, Brain Initiative, Human Brain Project, Learning algorithms, Neural hardware, Neural modelling, Neural networks, Neural simulators}
}

@article{Bengio1994LearningDifficult,
    title = {{Learning Long-Term Dependencies with Gradient Descent is Difficult}},
    year = {1994},
    journal = {IEEE Transactions on Neural Networks},
    author = {Bengio, Yoshua and Simard, Patrice and Frasconi, Paolo},
    number = {2},
    pages = {157--166},
    volume = {5},
    isbn = {1045-9227 VO  - 5},
    doi = {10.1109/72.279181},
    issn = {19410093},
    pmid = {18267787},
    arxivId = {arXiv:1211.5063v2}
}

@article{Halevy2009TheDatab,
    title = {{The Unreasonable Effectiveness of Data}},
    year = {2009},
    journal = {IEEE Intelligent Systems},
    author = {Halevy, Alon and Norvig, Peter and Pereira, Fernando},
    number = {2},
    pages = {8--12},
    volume = {24},
    publisher = {IEEE},
    url = {http://ieeexplore.ieee.org/abstract/document/4804817/ http://ieeexplore.ieee.org/document/4804817/},
    isbn = {1541-1672 VO - 24},
    doi = {10.1109/MIS.2009.36},
    issn = {1541-1672},
    arxivId = {arXiv:1201.1832v1}
}

@article{Fama1998MarketWelch,
    title = {{Market efficiency, long-term returns, and behavioral finance1The comments of Brad Barber, David Hirshleifer, S.P. Kothari, Owen Lamont, Mark Mitchell, Hersh Shefrin, Robert Shiller, Rex Sinquefield, Richard Thaler, Theo Vermaelen, Robert Vishny, Ivo Welch}},
    year = {1998},
    journal = {Journal of Financial Economics},
    author = {Fama, Eugene F.},
    number = {3},
    month = {9},
    pages = {283--306},
    volume = {49},
    publisher = {North-Holland},
    url = {http://www.sciencedirect.com/science/article/pii/S0304405X98000269#BIB23 http://linkinghub.elsevier.com/retrieve/pii/S0304405X98000269},
    isbn = {0304405X},
    doi = {10.1016/S0304-405X(98)00026-9},
    issn = {0304405X},
    pmid = {12134001}
}

@article{Bollen2011TwitterMarket,
    title = {{Twitter mood predicts the stock market}},
    year = {2011},
    journal = {Journal of Computational Science},
    author = {Bollen, Johan and Mao, Huina and Zeng, Xiaojun},
    number = {1},
    month = {3},
    pages = {1--8},
    volume = {2},
    publisher = {Elsevier},
    url = {http://www.sciencedirect.com/science/article/pii/S187775031100007X},
    isbn = {1877-7503},
    doi = {10.1016/j.jocs.2010.12.007},
    issn = {18777503},
    pmid = {22173204},
    arxivId = {1010.3003},
    keywords = {Collective mood, Sentiment tracking, Social networks, Stock market}
}

@misc{GoogleGoogleTrends,
    title = {{Google Domestic Trends}},
    author = {{Google}},
    url = {https://finance.google.com/finance/domestic_trends}
}

@article{Mikolov2013EfficientSpace,
    title = {{Efficient Estimation of Word Representations in Vector Space}},
    year = {2013},
    author = {Mikolov, Tomas and Chen, Kai and Corrado, Greg and Dean, Jeffrey},
    month = {1},
    url = {http://arxiv.org/abs/1301.3781},
    arxivId = {1301.3781}
}

@article{McCulloch1990AActivity,
    title = {{A logical calculus of ideeas immanent in nervous activity}},
    year = {1990},
    journal = {Bulletin of Mathematical Biology},
    author = {McCulloch, Warren and Pitts, Walter},
    number = {1-2},
    month = {1},
    pages = {99--115},
    volume = {52},
    publisher = {No longer published by Elsevier},
    url = {http://www.sciencedirect.com/science/article/pii/S0092824005800060 http://www.bibsonomy.org/bibtex/26fbacb0ae04bc17d296d9265dfc90dff/schaul http://www.cse.chalmers.se/~coquand/AUTOMATA/mcp.pdf},
    doi = {10.1016/S0092-8240(05)80006-0},
    issn = {0092-8240}
}

@article{Bengio2013RepresentationPerspectives,
    title = {{Representation learning: A review and new perspectives}},
    year = {2013},
    journal = {IEEE Transactions on Pattern Analysis and Machine Intelligence},
    author = {Bengio, Yoshua and Courville, Aaron and Vincent, Pascal},
    number = {8},
    month = {8},
    pages = {1798--1828},
    volume = {35},
    url = {http://ieeexplore.ieee.org/document/6472238/},
    isbn = {0162-8828 VO - 35},
    doi = {10.1109/TPAMI.2013.50},
    issn = {01628828},
    pmid = {23459267},
    arxivId = {1206.5538},
    keywords = {Boltzmann machine, Deep learning, autoencoder, feature learning, neural nets, representation learning, unsupervised learning}
}

@article{Alan1950Turing.Intelligence,
    title = {{Turing. Computing machinery and intelligence}},
    year = {1950},
    journal = {Mind},
    author = {Alan, M},
    number = {236},
    pages = {433--460},
    volume = {59},
    url = {papers2://publication/uuid/E74CAAC6-F3DD-47E7-AEA6-5FB511730877},
    isbn = {1-4020-9624-0 (paperback), 1-4020-6708-9 (hardcover), 1-4020-6710-0 (e-book)},
    doi = {http://dx.doi.org/10.1007/978-1-4020-6710-5{\_}3},
    issn = {0026-4423},
    pmid = {18684640},
    arxivId = {10.2307/2251299}
}

@misc{QuandlFinancialQuandl,
    title = {{Financial, Economic and Alternative Data | Quandl}},
    author = {{Quandl}},
    url = {https://www.quandl.com/}
}

@misc{CholletKeras,
    title = {{Keras}},
    author = {Chollet, Francois},
    url = {https://keras.io/}
}

@misc{McKinneyPythonLibrary,
    title = {{Python Data Analysis Library — pandas: Python Data Analysis Library}},
    author = {McKinney, Wes},
    url = {https://pandas.pydata.org/}
}

@misc{Scikit-learn:Documentation,
    title = {{scikit-learn: machine learning in Python — scikit-learn documentation}},
    url = {http://scikit-learn.org/stable/}
}

@misc{vanVeen2017NeuralInstitute,
    title = {{Neural Network Zoo Prequel: Cells and Layers - The Asimov Institute}},
    year = {2017},
    author = {van Veen, Fjodor},
    url = {https://www.asimovinstitute.org/neural-network-zoo-prequel-cells-layers/}
}

@misc{A19,
    title = {{A Beginner's Guide To Understanding Convolutional Neural Networks – Adit Deshpande – CS Undergrad at UCLA ('19)}},
    url = {https://adeshpande3.github.io/adeshpande3.github.io/A-Beginner%27s-Guide-To-Understanding-Convolutional-Neural-Networks/}
}

@techreport{Rumelhart1985LearningPropagation,
    title = {{Learning internal representations by error propagation}},
    year = {1985},
    author = {Rumelhart, David E and Hinton, Geoffrey E and Williams, Ronald J},
    institution = {California Univ San Diego La Jolla Inst for Cognitive Science}
}

@misc{Olah2015UnderstandingBlog,
    title = {{Understanding LSTM Networks -- colah's blog}},
    year = {2015},
    author = {Olah, Christopher},
    url = {http://colah.github.io/posts/2015-08-Understanding-LSTMs/}
}

@article{ChungEmpiricalModeling,
    title = {{Empirical Evaluation of Gated Recurrent Neural Networks on Sequence Modeling}},
    author = {Chung, Junyoung and Gulcehre, Caglar and Cho, Kyunghyun},
    url = {https://arxiv.org/pdf/1412.3555v1.pdf}
}

@article{ChoOnApproaches,
    title = {{On the Properties of Neural Machine Translation: Encoder–Decoder Approaches}},
    author = {Cho, Kyunghyun and Van Merri{\"{e}}nboer, Bart and Bahdanau, Dzmitry},
    url = {https://arxiv.org/pdf/1409.1259.pdf}
}

@article{ChoLearningTranslation,
    title = {{Learning Phrase Representations using RNN Encoder–Decoder for Statistical Machine Translation}},
    author = {Cho, Kyunghyun and Van Merri{\"{e}}nboer, Bart and Gulcehre, Caglar and Bahdanau, Dzmitry and Bougares, Fethi and Schwenk, Holger and Bengio, Yoshua},
    url = {https://arxiv.org/pdf/1406.1078.pdf}
}